2506 3908
514 218 758 285 -180-

215 367 245 426 in
277 359 483 423 curationibus
514 378 585 421 vero
617 363 644 422 ai
675 378 745 423 cum
780 364 995 426 constrictione
1027 363 1145 426 ventiis

125 455 217 516 luerit
238 451 350 530 passio,
379 446 604 527 cataplasmabis
630 445 798 510 laborantes
820 466 858 509 ex
884 449 967 513 iaeni
987 454 1147 532 precones

125 540 179 600 lini
205 538 318 598 semine
346 543 378 597 et
404 535 510 599 bordei
538 537 645 618 farina,
671 535 812 597 adiuncto
835 535 998 600 sufficienti
1021 543 1145 602 cumino

125 635 157 688 et
178 632 259 706 ruta,
286 623 384 685 bieme
407 632 439 686 et
464 624 542 686 lauri
566 623 647 686 bacis
670 643 739 687 cum
762 622 878 685 modico
899 624 990 687 melle
1013 635 1045 688 et
1067 627 1146 690 oleo.

98 723 156 776 set
182 721 340 793 postquam
367 711 474 774 tuleris
501 712 691 796 cataplasma,
717 720 787 775 ante
809 720 841 774 et
862 719 946 774 retro
968 712 1146 776 cucurbitas

126 801 209 863 dabis
228 808 259 862 et
281 800 356 863 lanis
378 800 500 863 mundis
522 800 587 863 loca
610 800 720 865 tutabis
738 810 770 864 et
791 799 938 864 iasciabis
979 808 1011 863 et
1031 801 1147 863 ieiunis

125 888 289 951 antidotum
313 889 495 952 diureticum
517 888 601 952 dabis
620 892 760 971 superius
781 892 814 952 in
835 890 982 953 neiretica
1003 890 1147 970 passione

125 968 336 1057 conscriptum.
382 986 451 1057 post
478 977 551 1038 baec
579 977 721 1058 epithima
747 978 796 1039 dia
826 987 999 1060 spermaton
1025 976 1074 1040 rel
1097 976 1149 1039 dia

124 1083 263 1127 samsucu
291 1082 436 1147 appones,
464 1072 496 1126 et
517 1067 580 1126 acri
602 1065 729 1147 clystere
752 1074 888 1128 ventrem
917 1066 1064 1149 deduces,
1092 1074 1148 1128 aut

86 1166 112 1205 ¹0
125 1163 207 1216 certe
225 1153 369 1233 oxymelle
388 1153 552 1215 cathartico
571 1162 776 1235 competenter
793 1153 949 1237 purgabis,
972 1154 1055 1235 quod
1073 1173 1147 1236 oxy·

125 1243 183 1305 mel
206 1244 333 1304 inferius
355 1244 387 1304 in
409 1242 477 1304 loco
501 1261 556 1305 suo
579 1244 821 1322 conscripsimus.

213 1333 259 1391 sin
282 1349 353 1392 vero
377 1349 447 1392 cum
474 1332 591 1391 terrore
614 1338 645 1393 et
671 1331 807 1391 tensione
831 1336 863 1390 et
889 1329 1050 1409 gravedine
1073 1349 1148 1392 cum

123 1418 275 1499 aliquanto
302 1416 405 1478 dolore
432 1419 527 1496 ipsam
554 1417 681 1478 tumoris
709 1418 770 1477 sive
794 1415 957 1479 inflationis
979 1420 1147 1480 exlantlam

124 1509 155 1566 in
178 1504 319 1566 cruribus
342 1506 493 1566 senserint
514 1512 703 1584 aegrotantes
730 1511 866 1586 tompore
889 1522 950 1586 quo
971 1507 1069 1587 magis
1090 1505 1146 1568 de-

85 1605 111 1646 15
123 1591 352 1673 ambulaverint,
379 1600 500 1674 oportet
527 1592 589 1655 sola
612 1610 700 1656 crura
722 1611 779 1674 per
800 1600 899 1655 totum
919 1593 1085 1656 levioribus
1106 1612 1147 1656 ac

123 1681 226 1742 multis
252 1680 428 1744 laceraturis
451 1683 593 1762 scariiare
615 1700 652 1745 eo
675 1679 763 1744 modo
791 1701 853 1763 quo
875 1685 1016 1764 superius
1040 1685 1147 1763 ignem

123 1787 242 1832 sacrum
272 1771 413 1831 scariiare
444 1772 664 1851 praecepimus,
692 1770 739 1831 vel
768 1788 825 1851 pro
854 1771 1044 1833 scariiatione
1074 1787 1146 1832 san·

122 1859 263 1936 guisogas
285 1875 426 1938 appones.
468 1865 500 1919 et
527 1865 597 1937 post
617 1856 833 1919 detractionem
855 1860 1009 1940 unguinis
1032 1858 1146 1922 iacmm
1218 1866 1222 1873 '

122 1962 242 2025 poscam
270 1962 339 2007 cum
366 1943 484 2006 modico
512 1945 642 2007 alumine
674 1944 869 2028 temperabis,
900 1965 939 2008 ex
964 1964 1025 2028 qua
1050 1958 1147 2028 posca

83 2047 110 2088 ao
123 2033 277 2113 penicillos
304 2031 396 2094 rudes
423 2051 458 2094 ac
484 2032 635 2095 molliores
663 2032 816 2095 moderate
846 2052 1006 2115 expressos
1034 2052 1147 2116 super·

122 2138 217 2200 pones
244 2130 275 2182 et
301 2121 415 2202 ligabis.
457 2129 489 2183 et
515 2129 584 2202 post
610 2121 675 2183 dies
697 2120 739 2182 111
765 2121 815 2183 dia
839 2123 924 2184 iteon
945 2121 1146 2208 emplastrum

123 2227 263 2289 appones.
308 2217 360 2272 aut
383 2217 465 2271 certe
493 2208 566 2271 illud
595 2208 675 2290 quod
698 2227 715 2270 a
738 2208 860 2272 Graecis
882 2229 900 2272 e
922 2208 1068 2273 barbaros
1089 2229 1145 2294 ap·

197 2492 295 2541 ivero
314 2500 364 2541 om.
384 2501 407 2540 c.
498 2483 637 2540 ecimino
655 2499 685 2553 c,
701 2486 776 2540 imio
789 2500 821 2555 p.
910 2486 1100 2543 tbeocarum
1119 2503 1145 2558 c,

123 2557 208 2612 bacas
221 2571 252 2626 p.
339 2554 489 2612 stubabia
506 2558 551 2624 (at
567 2559 681 2628 seraper)
693 2571 724 2625 p.
796 2558 828 2612 ei
843 2555 977 2612 mseiabis
994 2573 1023 2614 c:
1041 2573 1093 2614 oar.
1111 2573 1145 2628 p.

123 2668 140 2716 r
159 2662 260 2731 uarat
272 2661 336 2731 aare
348 2679 381 2732 p.
452 2660 609 2719 rennues
625 2627 823 2736 ailberto
838 2663 903 2733 (ce)
918 2669 963 2734 po.
1045 2669 1099 2720 ao
1120 2662 1146 2718 r-

122 2731 224 2787 ihimia
246 2749 272 2799 c,
297 2731 397 2801 epiih'i
414 2749 445 2802 p.
532 2732 671 2804 disspicio
690 2752 721 2806 p.
803 2733 865 2789 dias
882 2727 920 2789 ad
944 2738 1014 2790 aucit
1036 2749 1067 2802 c,
1116 2734 1124 2749 ‘

123 2805 205 2857 sesne
216 2819 247 2871 p.
319 2801 458 2858 sonitui
476 2819 499 2859 c.
571 2803 685 2862 deducis
698 2821 736 2876 p,
753 2802 830 2860 -cit
846 2820 871 2861 c.
944 2810 978 2859 10
998 2803 1106 2862 oximel
1118 2822 1144 2873 c,

123 2871 206 2928 oxiel’
220 2889 251 2942 p.
325 2871 428 2927 oximel
446 2889 474 2942 c,
492 2873 570 2929 oxiel
582 2891 614 2945 p.
695 2882 729 2931 11
752 2873 884 2931 inierim
907 2875 990 2931 imaro
1013 2873 1144 2946 superins

122 2945 157 3009 (a.
177 2947 233 3012 34).
313 2942 363 2996 ini.
383 2959 433 2999 suc
452 2942 515 3000 loco
529 2960 561 3014 p.
643 2952 677 3002 12
696 2945 748 3002 Sin
764 2962 792 3002 c:
815 2944 847 3002 Si
858 2961 891 3018 p.
963 2947 994 3002 eb
1010 2943 1144 3002 lemicae

122 3029 174 3068 orn.
188 3030 219 3083 p.
292 3011 436 3082 teipsam
453 3013 573 3069 tumoris
614 3022 688 3088 arpo
705 3018 786 3074 inbre
804 3032 827 3073 c.
903 3015 964 3072 aive
981 3014 1143 3072 inflaciouis

123 3084 250 3139 extantia
267 3099 294 3153 c,
312 3100 363 3138 seu
380 3084 537 3140 extendam
554 3084 584 3140 in
620 3086 791 3145 bombus.
900 3091 934 3141 lb
952 3102 988 3142 ec
1000 3102 1038 3156 pa
1061 3090 1099 3142 cir
1117 3102 1142 3143 c.

125 3161 158 3211 16
181 3155 332 3210 scarificeri
349 3171 364 3210 c
382 3157 458 3224 (-rs
471 3159 515 3225 p).
605 3173 639 3212 eo
654 3175 732 3228 pre
771 3173 816 3213 em
837 3171 860 3212 c.
952 3161 985 3212 17
1003 3173 1100 3213 acrem
1117 3172 1143 3213 c.

124 3225 255 3282 scerilere
272 3226 337 3292 (sic)
349 3242 385 3294 p:
405 3225 524 3283 -ilcare
542 3243 564 3284 c.
652 3246 704 3299 pro
722 3227 914 3284 scammtionea
934 3243 987 3298 pro
1006 3225 1142 3284 marim

123 3295 187 3364 (sic)
204 3313 245 3365 cp.
320 3301 353 3349 19
372 3311 478 3365 exque
494 3312 627 3368 poscepz
645 3314 802 3369 exequec.
874 3303 910 3354 20
927 3297 1083 3369 penieellos
1096 3313 1141 3368 cp.

124 3364 254 3421 meliores
269 3382 295 3421 c:
314 3364 456 3435 moliesp.
529 3372 561 3422 21
577 3367 658 3439 ponis
671 3386 713 3441 cp.
785 3368 842 3426 iii.
856 3370 920 3437 (sic)
935 3385 978 3440 cp.
1050 3367 1142 3426 dielbe

123 3468 146 3519 c,
165 3441 298 3526 disticon}
315 3455 398 3520 (corr.
417 3455 537 3523 obscur.)
549 3471 581 3525 p.
659 3462 693 3512 22
706 3473 736 3512 ez
753 3472 804 3514 om.
822 3473 857 3527 cp
874 3456 923 3528 (el.
941 3473 965 3514 c.
984 3458 1106 3528 iiiito).
