2506 3908
523 192 764 258 -173-

133 338 324 401 ‚est-salivam
345 354 401 417 per
423 355 458 398 os
474 337 673 400 ostendentes
691 346 761 400 cuni
783 337 931 400 solutione
953 341 1102 420 corporis,
1126 350 1157 402 et

136 427 305 488 exurrectio
340 428 405 488 sine
437 429 553 488 ratione
571 435 617 489 >et
647 427 754 506 pulsus
779 427 965 510 inaequalis,
1005 427 1156 508 aliquibus

135 532 206 576 uero
227 522 265 576 et
292 514 452 577 fastidium.
493 517 595 596 pueris
623 517 712 575 etiam
740 513 959 576 dormientibus
988 519 1155 579 masticatio

135 602 265 664 efficitur
301 623 370 666 cum
401 602 518 664 modica
554 601 671 681 linguae
709 601 890 662 exclusione.
943 602 1155 668 schematizato

134 693 224 753 etiam
247 711 300 755 ore
318 696 433 772 iacent,
456 690 594 751 similiter
616 700 651 751 ut
673 689 716 751 illi
739 692 791 770 qui
814 699 883 770 post
904 691 1027 752 nimiam
1049 706 1182 771 opera-c

134 781 247 842 tionem
269 787 434 842 resumunt.
473 785 509 839 et
530 787 600 859 post
621 778 764 840 diastema
786 782 935 858 temporis
947 779 1155 864 smodicissimi

134 868 312 949 aliquotiens
330 887 399 929 cum
417 866 547 928 clamore
565 876 714 946 exurgunt
732 875 764 927 et
782 869 843 926 cito
866 870 976 927 iterum
999 869 1155 948 deponun-

134 962 185 1017 tur
213 964 243 1018 et
269 956 410 1017 dentibus
437 954 619 1017 dormientes
646 955 783 1016 strident.
825 958 972 1035 contingit
1002 974 1074 1017 vero
1096 957 1155 1020 boc

134 1047 274 1123 quotiens
305 1046 370 1126 ipsa
396 1042 524 1106 violenta
553 1046 778 1105 insurrexerint
808 1043 954 1106 animalia.
999 1046 1091 1106 etiam
1124 1056 1156 1107 et

134 1131 283 1212 aliquibus
309 1140 504 1196 occurrentes
528 1131 677 1193 stomachi
701 1134 827 1193 nausiae
852 1141 883 1194 et
906 1150 1026 1193 morsus
1044 1151 1154 1195 causa·
1170 1149 1195 1188 ιο

134 1222 252 1282 tionem¹
269 1222 396 1283 ,faciunt
435 1219 593 1299 aliquando
623 1229 655 1282 et
677 1221 863 1281 reiectantur
885 1221 1079 1300 singulariter
1102 1230 1155 1284 aut

134 1327 204 1371 cum
223 1310 325 1389 aliquo
339 1309 474 1371 ‘bumore
486 1307 662 1389 vflegmatico
686 1317 738 1370 aut
755 1308 920 1370 cholerico.

136 1433 138 1436 ·
223 1401 386 1461 curationis
410 1416 484 1460 roro
506 1407 646 1478 tempore
673 1400 800 1459 maxime
828 1400 859 1458 in
888 1401 984 1460 acutis
1008 1399 1154 1481 febribus,

132 1488 161 1548 si
188 1495 220 1548 ot
248 1489 421 1549 constrictio
443 1488 554 1548 fuerit·
568 1489 694 1568 uentris,
722 1485 1001 1566 *cataplasmandum
1030 1506 1066 1549 ex
1100 1487 1154 1549 lini

134 1577 257 1638 seminis
275 1584 307 1636 et
322 1575 418 1654 lupini
428 1575 531 1636 etanna
542 1577 613 1656 »pari
623 1574 716 1636 modo
736 1577 905 1636 commixtis
924 1584 1042 1638 etcum
1057 1577 1154 1638 mulsa
1169 1589 1194 1630 1⁵

134 1681 210 1743 aqua
236 1666 403 1725 concoctis.
447 1661 685 1745 cataplasmabis,
716 1662 783 1724 oleo
813 1663 944 1725 violaceo
978 1665 1153 1726 umbilicum

133 1761 238 1834 tanges
261 1761 292 1815 et
314 1751 396 1813 molli
417 1752 484 1813 lana
501 1754 620 1832 operies
644 1759 674 1813 et
696 1751 844 1813 fasciabis.
882 1761 1000 1832 etpost
1019 1752 1154 1832 expletos

134 1841 351 1922 cataplasmatis
378 1841 442 1903 dies
470 1843 617 1903 cerotario
645 1860 681 1902 ex
705 1839 854 1902 absinthio
878 1848 909 1902 et
931 1841 998 1902 oleo
1028 1844 1153 1922 cyprino

133 1931 270 1991 confecto
299 1936 434 1991 ventrem
461 1927 720 1992 subumbilicum
743 1947 839 2009 usque
863 1932 1029 2010 cooperies.
1074 1939 1105 1990 et
1127 1933 1154 1990 si

133 2025 238 2080 venter
256 2016 453 2099 abstinuerit,
478 2019 510 2078 in
532 2017 702 2079 infantibus
724 2016 843 2078 balanis
866 2021 986 2079 iniectis
1009 2019 1153 2101 depones,
1167 2031 1194 2070 20

132 2106 165 2166 in
180 2106 257 2168 'aliis
283 2124 354 2168 roro
381 2107 524 2187 perfectis
551 2114 647 2168 aetate
674 2105 803 2186 clystere
831 2125 868 2167 ex
898 2107 1074 2167 decoctione
1103 2106 1153 2166 ab·

133 2195 237 2256 sinthii
263 2194 393 2256 admixto
420 2194 507 2258 mollo
534 2194 673 2257 deduces.
714 2203 746 2255 et
774 2193 943 2274 potionabis
967 2195 1153 2275 frequentor,

207 2405 222 2456 1
240 2415 292 2469 per
309 2416 341 2456 os
358 2416 410 2457 om.
427 2417 451 2456 c.
560 2400 765 2459 bexsurtectio
782 2419 817 2470 p,
840 2400 983 2457 exurectio
1002 2417 1025 2455 c.
1134 2407 1152 2456 3

134 2469 339 2528 dormientibus
356 2487 408 2528 om.
426 2488 449 2529 c.
514 2471 696 2530 ,masticatior
714 2473 750 2540 cf.
771 2471 800 2527 0.
819 2474 855 2527 Α.
875 2475 893 2528 l.
912 2489 935 2528 c.
949 2489 981 2542 p.
996 2476 1060 2527 534.
1135 2478 1151 2527 b

132 2541 403 2610 iacentem-c‚-tes
414 2559 443 2612 p.
507 2542 623 2613 quidem
636 2559 678 2613 cp.
742 2543 914 2599 odiestema
928 2559 955 2598 c:
970 2542 1151 2612 diestemup.

135 2619 233 2674 lcum
251 2642 288 2655 -
303 2614 345 2684 (t)
363 2613 493 2684 quotiens
509 2628 604 2670 onec.
688 2614 813 2670 tetiam
831 2630 882 2669 om.
901 2630 925 2669 c.
1011 2629 1037 2667 a.
1058 2614 1089 2667 et
1106 2629 1152 2669 oc·

133 2685 276 2740 eumentes
289 2694 321 2754 ρ’.
407 2690 441 2740 11
459 2684 598 2740 reiectant
615 2701 643 2751 c,
662 2685 834 2739 roiartantur
850 2686 915 2753 (sic)
931 2701 960 2753 p.
1035 2690 1068 2737 13
1088 2683 1105 2738 i.
1125 2701 1150 2738 a.

132 2753 259 2811 febribus
284 2753 361 2824 quod
378 2771 439 2812 esse
457 2755 538 2812 solet.
570 2754 595 2810 si
612 2758 644 2811 et
660 2754 825 2810 constrictio
840 2772 877 2824 p,
899 2755 918 2812 i.
938 2772 962 2809 a.
982 2754 1108 2810 febribus
1127 2755 1152 2810 si

132 2860 169 2899 ex
180 2843 353 2899 constructio
367 2861 390 2900 c.
456 2849 492 2898 1⁶
507 2860 571 2899 eum
584 2857 659 2914 uque
672 2843 764 2900 mulsa
777 2861 809 2914 p.
883 2849 917 2898 lo
934 2826 1070 2898 umbilici
1085 2860 1151 2898 eon-

132 2914 228 2986 teugis
242 2931 274 2986 p.
362 2920 394 2970 l't
414 2913 506 2984 operis
524 2930 566 2984 cp.
653 2919 686 2970 18
705 2930 786 2970 exc:
805 2914 880 2984 etp.
969 2921 1000 2968 19
1021 2914 1151 2969 confecto

133 3001 186 3044 ont.
205 3002 228 3043 c.
299 2987 399 3042 uenter
416 2985 468 3041 sub
481 2984 616 3042 umbilico
630 3002 718 3055 usque
736 2985 865 3056 cooperis
882 3002 905 3052 c,
923 2987 1052 3039 ventrem
1066 2984 1152 3039 simul

133 3073 222 3128 nsque
241 3056 293 3112 sub
312 3055 444 3112 umbilico
462 3055 592 3127 operisp
612 3056 663 3123 (oc.
681 3055 783 3111 mediis
805 3055 935 3127 partibus
956 3054 1029 3110 Cael.
1049 3057 1104 3110 cler.
1124 3063 1152 3122 4,

137 3133 189 3184 128
197 3132 276 3211 ote).
357 3132 392 3182 20
409 3126 441 3210 iu
457 3143 508 3184 om.
526 3142 569 3197 cp.
652 3125 764 3210 bpfauis
777 3143 814 3196 p:
831 3143 883 3182 oro.
903 3143 925 3182 c.
1008 3124 1108 3182 ineetis
1127 3144 1151 3190 o.

132 3199 315 3352 ileeldiiuctfcp.
338 3198 454 3324 depondi
471 3197 917 3339 ffitdub'2iroipldffritrirc⁹maxirirb
929 3213 980 3336 ἴῃ
993 3202 1151 3337 diposui}

132 3356 254 3396 maximo
272 3358 294 3397 c.
