2512 3908
517 258 732 321 „13-

106 408 160 460 aut
190 401 335 460 nasturcii
359 417 463 463 semen
485 418 557 462 cum
580 402 682 482 sinape
706 411 737 462 et
759 408 843 463 aceto
866 408 946 462 teres
970 409 1001 461 et
1022 401 1129 479 illines,

105 497 160 550 aru
196 490 269 549 catti
305 493 449 553 stercoris
485 498 586 570 partes
605 537 607 540 ⁴
623 490 697 551 diras
734 493 844 570 sinapis
881 497 996 570 partem
1028 507 1118 550 unam
1137 492 1219 584 flm'ss‘}

105 595 176 637 cum
205 584 289 638 aceto
313 585 394 641 teres
418 587 449 640 et
478 578 584 641 illines.
605 575 610 657 Ι
631 577 732 656 [aliud.
769 579 914 639 avellanas
944 553 1236 646 combustasaffipprn'r.

105 673 248 727 conteres
276 684 346 727 cum
379 669 506 746 axungia
539 675 591 727 aut
619 666 703 745 adipe
738 668 842 726 ursino
871 674 902 726 et
928 667 995 727 oleo
1024 667 1061 729 de
1084 667 1128 729 lu·

107 772 199 814 cerna
218 763 249 815 et
272 755 383 834 illiues,
406 763 476 816 ante
495 772 567 815 vero
585 756 679 832 ipsam
697 754 852 834 alopiciam
871 755 950 814 nitro
969 757 1041 815 trito
1060 771 1155 816 cums

105 860 206 920 panno
233 841 354 903 fricabis
378 853 410 904 et
427 843 534 904 illines.
580 843 667 903 aliud.
700 842 816 922 adipem
835 845 972 902 ursinum
991 843 1127 904 euforbio

106 933 233 990 mixtum
257 948 327 990 cum
345 930 412 992 oleo
431 931 469 992 de
489 931 612 993 lucerna
635 930 739 991 illines.
776 930 864 991 aliud.
897 939 1014 991 stercus
1033 933 1128 992 muris

106 1037 177 1078 cum
201 1026 285 1079 acoto
309 1021 416 1080 tritum
439 1027 470 1080 et
490 1019 632 1080 illinitum
654 1018 776 1099 capillos
800 1019 908 1080 educit.

345 1176 393 1239 vl
429 1177 480 1240 Ad
505 1177 727 1240 cantabricm
751 1180 891 1258 capitis.

198 1299 388 1363 Cantabriam
420 1301 528 1363 Graeci
558 1305 713 1382 pityriasin
745 1309 859 1363 vocant.
911 1303 1037 1381 emergit
1068 1303 1168 1363 ire-10

107 1400 237 1470 quanter
260 1409 298 1451 ex
322 1389 449 1451 humore
473 1393 536 1452 aori
558 1390 605 1451 rel
628 1393 855 1470 intemperantia
878 1392 1014 1470 eorporis
1038 1409 1127 1470 quam

106 1479 213 1540 Graeci
228 1480 363 1540 aorasian
380 1487 497 1541 vocant.
529 1481 663 1540 nascitur
682 1479 802 1558 quidem
819 1482 955 1559 pruritus
973 1481 1005 1540 in
1021 1497 1127 1559 super·

106 1569 174 1628 licie
202 1569 281 1628 eutis
309 1566 459 1647 capillosis
486 1568 518 1627 in
541 1566 628 1642 locis,
657 1575 691 1629 ut
714 1570 803 1628 etiam
825 1569 1016 1629 tenuissimas
1039 1585 1126 1647 squa-

106 1656 203 1717 millas
226 1655 286 1716 albi
308 1655 419 1716 coloris
441 1657 580 1718 emittant
602 1656 743 1718 cantabro
766 1655 891 1737 similes,
914 1656 995 1717 unde
1017 1674 1126 1718 nomen
1238 1694 1240 1699 .

107 1746 263 1825 pityriasiu
287 1745 412 1823 accepit.
1141 1759 1167 1800 15

106 1890 109 1894 1
196 1835 228 1893 in
257 1831 463 1893 curationibus
494 1850 565 1894 raro
592 1832 637 1893 lac
665 1833 785 1893 ovillum
817 1851 871 1893 seu
903 1831 1049 1894 bubulum
1081 1832 1127 1893 vel

107 1923 265 2002 caprinum
287 1938 358 1982 cum
376 1920 465 1982 melle
493 1923 579 2001 potul
601 1920 685 1982 dabis
707 1939 762 2001 pro
785 1923 1005 2000 comparatione
1028 1924 1126 2001 pruri-

107 2018 166 2072 tus.
203 2011 316 2070 etenim
338 2010 511 2071 acredinem
537 2009 672 2071 humoris
700 2009 837 2070 adduleat
863 2009 909 2070 rel
936 2009 1075 2070 obtundit
1096 2017 1127 2071 et

107 2117 167 2159 non
200 2099 321 2159 curiose
352 2097 407 2160 scd
439 2097 567 2178 simplici
597 2099 769 2160 inductione
801 2107 935 2159 ventrem
972 2098 1126 2177 depurgat.

107 2205 163 2247 neo
200 2204 261 2246 non
298 2188 388 2247 etiam
424 2184 594 2248 flebotomia
631 2206 667 2247 ex
704 2185 824 2247 brachio
862 2189 920 2247 erit
953 2186 1127 2267 adhibenda,
1141 2202 1167 2241 so

107 2277 235 2336 maxime
264 2276 291 2334 si
320 2281 418 2335 aetate
445 2276 569 2336 iuvenes
596 2274 709 2335 suerint
733 2277 881 2354 patientes
904 2282 934 2334 et
961 2274 1127 2335 secundum

106 2372 244 2426 naturam
284 2361 415 2443 plurimo
456 2365 601 2444 sanguine
641 2361 868 2443 abundaverint,
905 2381 980 2441 quos
1022 2362 1128 2424 Graeci

181 2504 322 2568 leyncpe
338 2515 366 2571 9,
385 2497 485 2569 sinape
500 2514 530 2568 p,
550 2497 615 2580 -pi
633 2514 655 2553 c.
752 2500 782 2553 et
800 2499 844 2566 (ex
862 2515 885 2566 c,
904 2498 983 2567 inp)
1002 2499 1082 2553 aceto
1100 2515 1126 2580 p.

81 2578 83 2582 '
106 2568 195 2624 illinis
216 2584 278 2640 ppc.
391 2568 503 2625 lucili
529 2570 602 2640 (gab
626 2570 651 2638 c)
676 2569 782 2624 stercus
804 2586 850 2640 pc,
878 2569 985 2623 siccati.
1009 2586 1031 2622 s.
1054 2585 1127 2624 cons

106 2661 207 2728 (cupra
226 2658 316 2713 deleto
333 2656 409 2741 gatii
426 2660 486 2713 ater
503 2658 585 2727 corr.)
598 2672 630 2727 p.
715 2656 830 2726 synapis
846 2674 873 2728 p,
892 2657 997 2727 sinapis
1010 2674 1042 2726 p,
1062 2656 1128 2725 -pi

106 2747 129 2784 c.
239 2726 363 2784 sillium
380 2743 427 2800 pc,
447 2727 547 2784 -nies
561 2744 592 2798 p.
699 2726 884 2797 billinispc
907 2729 1023 2797 (immo.
1044 2728 1126 2796 (1.7).

105 2804 135 2854 ot
150 2817 186 2870 p:
205 2803 257 2854 cut
274 2815 297 2856 c.
377 2815 445 2856 vero
463 2815 515 2854 om.
533 2815 556 2855 c.
637 2797 700 2868 ipsa
716 2798 873 2868 alopiciap
892 2801 985 2866 (-am
1003 2799 1036 2865 c).
1109 2803 1126 2852 6

106 2887 201 2941 panno
222 2886 259 2941 p:
291 2886 365 2940 pane
388 2886 404 2925 c
427 2865 609 2941 (ἐκνιτρῶσας
631 2869 681 2924 καὶ
703 2864 812 2924 ὅθονίω
836 2865 961 2940 &speleum
979 2868 1042 2924 Gar.
1065 2867 1127 2937 XII,

105 2944 180 3011 406).
251 2939 372 3011 frigebis
383 2959 415 3012 p.
488 2941 615 2998 euforbie
632 2957 663 3010 p,
682 2925 820 2996 euforbio
839 2957 861 2996 c.
934 2939 1085 2995 'lluoernis
1103 2954 1126 2994 c.

105 3015 156 3068 boc
178 3013 307 3082 frequens
328 3029 392 3068 rm.
411 3029 437 3068 o.
455 3011 520 3068 Gal.
541 3011 628 3080 ΧΠ,
649 3015 715 3067 240.
734 3015 800 3067 329.
819 3016 881 3066 418.
923 3011 1017 3066 Marc.
1032 3027 1063 3079 p.
1081 3014 1126 3066 45.

105 3091 123 3138 a
137 3081 274 3138 illinitum
287 3083 349 3152 (sic)
359 3098 404 3152 pc.
483 3089 518 3139 10
531 3081 677 3154 peiiriasin
690 3099 722 3151 p,
740 3081 864 3152 ptinasin
881 3099 903 3137 c.
978 3087 1009 3134 11
1025 3097 1090 3136 aero
1104 3097 1126 3137 c.

108 3161 141 3208 12
161 3153 272 3209 ceratia
288 3169 318 3223 p,
335 3170 416 3210 -srs
433 3170 456 3209 c.
561 3153 674 3223 quidem
693 3169 709 3208 c
725 3153 838 3236 <Paros
858 3152 974 3222 quidam
992 3169 1019 3221 p.
1093 3157 1126 3206 13

107 3240 241 3295 squamas
260 3240 275 3280 c
293 3224 401 3294 (Pete).
476 3231 518 3280 1⁶.
528 3224 651 3296 pruriasl
662 3240 691 3293 p,
709 3223 843 3294 prtinasin
861 3240 884 3279 c.
958 3229 990 3278 lo
1010 3221 1128 3278 ovillum

105 3313 133 3351 c:
152 3295 268 3351 ocinum
278 3310 301 3365 p
320 3295 425 3366 (Pete).
497 3295 635 3351 bubulum
649 3311 676 3350 c:
695 3294 895 3362 bubulinump
915 3294 1018 3362 (Pete).
1093 3298 1126 3347 1'1

106 3365 331 3506 omos
347 3365 718 3507 11111111
775 3363 1127 3505 1111111111·

106 3515 142 3563 22
160 3507 315 3578 plurimum
333 3508 479 3579 sanguinis
497 3525 520 3565 c.
