2512 3908
406 212 730 292 ‚-aa-

106 375 185 438 quae
208 363 310 416 autem
334 373 403 416 cum
427 359 509 418 nasci
532 358 687 436 coeperint
708 356 755 416 his
778 357 872 436 signis
895 367 1129 433 cognoscuntur.

103 448 137 506 in
165 446 272 524 primis
301 445 421 506 dolores
443 447 578 506 sentiunt
605 453 792 523 aegrotantes
815 463 884 506 cum
909 442 1128 526 obripilatione‚

104 541 225 611 etpost
244 532 358 611 aliquot
375 535 440 595 dies
459 533 551 595 veluti
569 533 701 595 leniores
719 533 845 592 anomali
864 537 974 594 iterum
993 533 1128 595 alliciun-

56 680 59 685 .
85 629 156 681 'tur
179 639 250 682 oum
272 621 375 683 dolore
395 630 426 682 et
444 621 661 700 obripilatione.
699 629 815 681 etcum
840 625 995 698 coeperint
1013 625 1128 684 saniem

102 711 236 790 nutrire,
269 713 375 772 etiam*
393 708 493 769 tebras
526 708 710 770 inordinatae
737 717 882 770 secuntur
909 727 978 769 cum
1009 711 1156 772 lastidioe

103 796 251 859 ciborum
293 805 325 858 et
348 815 418 882 cum
441 815 532 877 supra
554 807 689 858 ventrem
719 801 866 858 innuerint
889 796 1058 858 laborantes
1082 800 1128 860 vel

102 888 135 946 in
164 888 293 947 alterum
320 904 354 946 se
383 889 529 947 verterint
556 886 634 946 latus
661 887 691 946 id
719 895 765 946 est
792 905 897 946 sanum
928 887 1007 964 quod
1036 888 1128 948 luerit

102 976 231 1054 patienti
258 975 346 1035 lateri
373 977 573 1055 contrarium,
605 975 695 1034 veluti
726 975 916 1052 gravedinem
946 976 1128 1053 pendentem

103 1065 136 1122 iu
160 1062 358 1124 interioribus
380 1066 528 1137 sentiunt,
551 1070 583 1123 et
605 1063 761 1141 aliquando
784 1065 879 1142 ipsios
903 1063 960 1123 loci
986 1067 1127 1142 patientis
1203 1134 1207 1140 ¹

57 1151 62 1157 ’
102 1151 243 1212 exaltatio
271 1152 411 1212 efficitur.
455 1161 528 1213 tuno
551 1169 620 1212 cum
648 1154 738 1211 nimie
767 1153 916 1212 creverint
943 1161 1125 1230 apostemata
1141 1173 1168 1211 ro

101 1242 333 1320 eruptionisque
361 1241 666 1320 appropinquaverint
693 1240 772 1321 dies,
800 1243 928 1300 vomitus
958 1239 1036 1300 tellis
1058 1241 1126 1301 tlavi

102 1329 245 1391 efficitur.
281 1328 439 1406 aliquando
463 1331 494 1388 in
514 1328 737 1389 similitudinem
760 1328 869 1388 coloris
893 1329 1033 1389 loliorum
1057 1331 1126 1390 viri-

101 1418 187 1479 dium
209 1419 294 1497 porri
313 1416 465 1477 choleram
483 1423 607 1476 vomunt
629 1435 718 1495 quam
741 1417 897 1496 prasoiden
919 1426 1032 1498 vocant,
1056 1435 1125 1479 cum
1183 1414 1210 1446 ²

102 1507 220 1586 ingenti
242 1507 333 1566 animi
356 1504 476 1566 deiectu
499 1522 589 1584 quem
612 1505 802 1585 lipothymian
827 1515 945 1585 vocant,
975 1523 1043 1566 cunr
1067 1505 1144 1568 levi'

56 1587 59 1591 ’
101 1593 217 1657 sudore
244 1595 276 1653 iu
303 1596 399 1672 capite
427 1601 458 1654 et
485 1596 565 1654 circa
593 1597 763 1672 superiores
791 1604 890 1672 partes
918 1595 1056 1654 thoracis.
1093 1603 1125 1657 et
1139 1614 1166 1654 ra

101 1686 130 1745 si
152 1700 275 1744 sursum
298 1685 404 1742 autin
426 1682 528 1742 lateris
551 1700 665 1742 summa
689 1686 810 1761 regione
837 1685 993 1762 eruperint
1015 1691 1046 1744 et
1070 1702 1125 1762 per

101 1773 249 1833 vomitum
268 1769 474 1850 depurgentur
489 1780 519 1831 et
538 1780 606 1849 post
620 1774 789 1850 ruptionem
809 1775 843 1831 si'
854 1771 988 1832 febribus
1001 1774 1125 1834 minime

101 1861 259 1930 caruerint
281 1868 482 1938 aegrotantes,
505 1867 633 1920 mortem
656 1860 786 1920 suturam
805 1860 973 1940 denuntiat,
997 1862 1125 1922 maxime

101 1950 129 2034 si
156 1946 270 2027 grande
298 1947 390 2009 luerit
416 1955 576 2027 apostema.
618 1950 644 2008 si
672 1966 740 2007 vero
770 1951 800 2008 in
828 1948 952 2009 renibus
979 1951 1124 2030 eruperit,

95 2037 192 2105 urina
214 2035 376 2116 purulenta
403 2038 465 2097 sive
489 2038 605 2096 saniosa
634 2037 801 2097 excluditur
824 2047 854 2096 et
878 2036 1022 2098 ulceratio
1045 2040 1123 2116 peri·
1138 2059 1166 2098 ao
1202 2066 1206 2073 ·

102 2125 206 2186 culosa
234 2126 266 2184 in
295 2124 421 2186 renibus
449 2125 640 2204 significatur.
684 2128 710 2184 si
733 2144 803 2185 vero
827 2128 857 2186 in
880 2126 1016 2186 interiori
1039 2135 1124 2205 parte

178 2266 193 2315 1
213 2261 310 2315 autem
327 2275 374 2330 gc:
394 2274 444 2315 orn.
459 2276 489 2329 p.
601 2265 617 2313 2
637 2261 708 2329 (iton
727 2265 754 2329 4)
774 2260 952 2331 oripilatione
967 2279 998 2329 p.
1107 2266 1124 2316 3

102 2329 196 2386 velati
218 2329 340 2386 leniores
364 2347 407 2384 an.
430 2346 479 2399 gc,
501 2330 621 2384 leniores
644 2332 733 2385 veluti
756 2349 837 2400 amp
862 2333 923 2401 (qai
945 2331 1065 2387 leniores
1082 2333 1124 2386 ci·

85 2403 206 2458 tineam
227 2417 283 2457 ease
304 2402 402 2467 uadit,
425 2405 490 2467 sort.
510 2419 564 2470 pro
587 2401 718 2457 leniores.
769 2405 803 2469 cf.
828 2403 900 2457 Cael.
924 2404 979 2458 cbr.
1009 2409 1040 2469 5,
1066 2405 1124 2470 dl).

101 2479 120 2527 4
139 2471 269 2542 ceperint
285 2490 316 2543 g:
337 2471 411 2527 —n‘t
428 2489 470 2540 cp.
574 2478 589 2525 6
610 2478 740 2528 secuntur
758 2477 834 2541 (secu
852 2476 892 2528 sic
911 2477 935 2543 c)
954 2491 1015 2543 pop.
1107 2480 1123 2530 8

100 2543 274 2614 pendentem
292 2560 319 2613 g,
336 2541 548 2613 pendenti[boe]
568 2558 595 2597 c:
614 2545 731 2612 peedete
745 2563 775 2613 p.
868 2551 900 2599 10
919 2544 1056 2599 exaltatio
1075 2561 1122 2615 cp:

101 2615 227 2688 extracto
246 2633 278 2699 (i.
302 2648 324 2686 e.
347 2630 491 2685 exhalatio
509 2635 551 2698 90)
568 2648 593 2699 9.
715 2633 853 2686 creverint
875 2635 1055 2701 apostemata
1076 2649 1123 2702 pe:

83 2701 225 2760 ‘crevent
241 2705 390 2783 apostema
403 2720 434 2770 p.
535 2708 566 2754 11
587 2721 641 2771 que
656 2721 690 2772 p:
715 2721 765 2758 om.
784 2721 817 2772 qe
836 2704 1002 2774 (eruptionis
1020 2721 1120 2785 appro-

100 2775 305 2845 pinquavermt
321 2790 352 2843 g,
376 2771 531 2841 eruptionis
549 2776 568 2840 (Ῑ
587 2775 832 2842 appropinquavei
851 2793 885 2843 p,
905 2792 941 2828 er.
965 2791 1124 2845 propmqoa

72 2854 76 2861 '
100 2843 355 2916 propinquaverint
371 2845 412 2898 aie
430 2847 463 2910 c).
561 2849 592 2897 12
613 2846 732 2900 eflicitur
749 2864 793 2914 pe:
813 2846 971 2900 efficiuntur
985 2864 1014 2915 p.
1090 2851 1123 2899 13

101 2915 198 2972 colem
214 2931 240 2985 9,
259 2914 366 2970 collera
383 2931 406 2981 c,
425 2915 547 2969 coleram
564 2934 592 2983 p.
693 2918 766 2985 quod
784 2934 814 2984 (v,
834 2935 903 2985 quos
922 2934 944 2983 c,
963 2921 981 2986 r'p
1001 2918 1078 2986 (que)
1091 2935 1122 2986 p.

100 2985 256 3056 praeohide
274 3003 301 3055 9,
319 2985 482 3055 parochidie
501 3002 523 3052 c,
544 2987 650 3057 pliorda
664 3006 694 3057 p.
769 2995 802 3040 14
821 3006 903 3057 quem
922 3005 951 3056 p:
977 3005 1062 3056 qoam
1080 3005 1123 3058 tp.

85 3057 271 3129 .lipotomian
288 3056 521 3126 9‚linpothom1ia
540 3075 562 3125 e,
581 3059 731 3128 lipotumn'v
745 3076 775 3127 p.
880 3059 935 3113 levi
953 3076 1000 3129 pc:
1019 3059 1077 3113 leni
1092 3076 1123 3128 p.

103 3135 137 3184 1o
155 3127 261 3184 toracia
277 3143 338 3198 pop.
429 3133 461 3182 16
481 3129 510 3182 in
529 3128 546 3182 l.
566 3147 616 3182 ena
633 3130 745 3198 regione
769 3129 876 3199 ruperit
895 3131 956 3198 (cic)
973 3147 1015 3199 pc,
1033 3128 1063 3182 in
1082 3129 1122 3184 la·

101 3199 171 3256 teria
189 3205 271 3254 sumit
288 3197 433 3268 regionem
452 3199 595 3268 eruperint
609 3218 639 3269 p.
726 3204 766 3254 et:
785 3205 835 3254 aot
849 3218 879 3268 p,
899 3216 941 3255 om
959 3218 999 3269 pc.
1088 3207 1121 3255 li

102 3270 296 3341 depurgentur
313 3284 359 3338 pc,
377 3270 561 3340 purgaverint
576 3289 605 3338 p.
679 3272 702 3325 ei
714 3290 749 3341 Ap:
769 3289 817 3324 orvi.
838 3289 879 3341 cp.
965 3270 1053 3325 febris
1071 3271 1122 3325 mi-

102 3339 180 3396 nime
199 3357 224 3397 c.
243 3357 265 3408 c,
283 3341 376 3395 febres
394 3357 450 3395 non
469 3341 626 3396 dimiserint
640 3361 669 3410 p.
745 3348 778 3396 18
797 3346 957 3414 egrotantes
975 3359 1020 3411 pc:
1042 3359 1122 3411 egro·

102 3411 231 3466 tantihue
245 3428 276 3479 p.
364 3412 524 3466 denuntiat:
545 3417 630 3466 -ant
647 3431 705 3482 pop.
780 3422 811 3467 19
832 3414 935 3482 grande
951 3431 987 3482 p:
1007 3412 1123 3482 mandis

101 3499 143 3553 pc.
218 3489 251 3536 21
272 3482 398 3537 inferiori
417 3485 481 3550 (sic)
500 3502 561 3552 pap.

156 3580 376 3622 carrterreitx
400 3582 435 3625 ed.
454 3583 565 3629 l'.Bose.
961 3581 982 3627 ‘d
