2512 3908
508 233 726 296 ...91-

105 381 215 459 capitis
233 376 368 440 delluunt
385 387 417 440 et
440 381 465 440 si
486 380 517 439 in
540 376 679 458 pulmone
706 378 797 440 iuuerit
815 376 961 440 ulceratio
981 377 1127 440 malarum

105 467 201 529 rubor
233 468 264 527 in
296 467 379 529 vultu
411 467 593 548 ostenditur,
626 475 656 527 et
683 468 843 570 digitorum
872 469 971 548 capita
1000 464 1127 527 robusta

103 555 279 616 alliciuntur
307 575 375 618 cum
403 556 601 618 obuncatione
629 556 786 633 unguium,
814 572 905 632 quam
928 554 1035 617 Graeci
1058 573 1125 634 grp-

129 646 195 706 osin
217 654 331 707 vocant.
864 684 866 688 ·

105 663 127 725 p
196 735 228 795 in
260 732 465 795 curationibus
498 750 568 793 vero
600 739 719 812 oportet
746 734 777 793 in
803 687 953 811 principio
980 730 1153 792 adhiberes

105 840 183 900 quae
201 821 316 882 valeant
335 820 453 882 sordida
472 821 574 883 ulcera
592 821 758 902 depurgare
779 828 811 880 et
832 822 968 900 ipsorum
988 817 1126 880 locorum

105 912 283 989 patientium
313 918 461 971 tumorem
489 913 633 989 mitigare.¹
672 909 730 970 boo
757 916 804 970 est
831 908 951 969 iaenum
982 924 1126 987 graecum

104 1017 218 1077 coques
245 997 352 1059 eodem
380 998 468 1059 modo
497 1016 556 1078 quo
584 999 723 1076 superius
746 996 782 1058 ad
810 995 988 1058 tussiculam
1009 994 1126 1057 aridam

103 1088 348 1166 conscripsimus,
362 1095 476 1149 etcum
490 1087 606 1148 modico
621 1086 707 1147 melle
722 1085 898 1166 despumato
912 1082 999 1145 dabis
1013 1085 1125 1145 ieiunis

104 1175 187 1254 etad
201 1193 364 1256 vesperam.
396 1175 449 1237 sed
464 1177 490 1236 si
503 1175 571 1256 plus
584 1174 712 1237 eundem
727 1191 834 1236 sucum
847 1175 968 1253 operari
983 1172 1125 1252 volueris,
1140 1183 1166 1223 10

103 1265 136 1323 in
168 1262 300 1325 secunda
331 1281 407 1342 aqua
440 1263 530 1325 addes
562 1266 620 1325 irin
651 1262 795 1343 illyricam
827 1269 861 1322 et
891 1263 978 1342 ysopi
1008 1278 1124 1341 cymam

103 1352 273 1413 sufficiente
292 1352 394 1434 modo,
417 1363 447 1414 et
469 1351 599 1413 admixto
623 1351 738 1413 modico
757 1349 846 1411 melle
865 1349 1005 1412 similiter
1029 1347 1124 1410 dabis.

102 1440 196 1520 aliqui
210 1458 280 1501 vero
298 1459 353 1521 pro
368 1440 454 1502 melle
474 1443 586 1502 caricas
604 1442 729 1520 pingues
748 1456 839 1519 supra
857 1438 948 1501 dictis
962 1437 1124 1518 speciebus

102 1529 270 1608 adiungunt
292 1537 324 1590 et
344 1531 376 1590 in
400 1547 459 1590 trno
483 1539 625 1611 coquunt.
823 1575 827 1588 .
952 1572 955 1579 -
987 1572 990 1576 ›
1247 1604 1249 1611 Ι

193 1617 247 1677 alia
271 1620 352 1697 potio
376 1617 502 1679 diorobu
524 1617 668 1698 appellata
693 1617 722 1677 id
746 1625 793 1679 est
815 1616 853 1678 de
876 1633 965 1677 ervo,
997 1623 1029 1676 et
1051 1627 1165 1676 con-15

102 1707 204 1767 licitur
222 1707 274 1766 sic.
310 1724 414 1766 ervum
432 1706 558 1768 rubrum
582 1705 677 1787 pridie
697 1723 773 1785 aqua
794 1702 951 1784 infundes,
974 1702 1031 1765 alia
1050 1720 1122 1763 vero

102 1793 152 1855 die
180 1802 256 1856 testa
285 1796 376 1874 ignita
405 1796 577 1857 torrelacies
605 1794 756 1856 moderate
783 1799 818 1854 ut
848 1811 910 1854 non
942 1792 1059 1873 ardeat,
1093 1799 1124 1853 et

102 1882 263 1962 diligenter
291 1883 417 1944 siccabis
444 1894 475 1945 et
501 1883 594 1944 moles
623 1882 752 1944 manuali
783 1881 874 1964 mola,
912 1898 983 1942 nam
1015 1879 1124 1942 Graeci

103 1971 290 2050 olriromylon
326 1981 445 2052 vocant,
485 1982 522 2033 et
556 1975 654 2053 ipsum
695 1970 848 2052 pollinem·
873 1971 961 2032 tenui
996 1967 1122 2056 cribello

103 2062 238 2140 traicies,
266 2070 297 2121 et
319 2079 353 2121 ex
383 2063 448 2141 ipso
476 2059 598 2141 puluere
621 2060 705 2122 dabis
728 2058 908 2121 coclearium
931 2075 1029 2120 unum
1051 2075 1122 2118 oum
1137 2071 1164 2110 2⁰

103 2148 200 2209 mulsa
228 2148 320 2210 calida
347 2151 456 2210 ieiunis
484 2159 514 2210 et
541 2148 577 2210 ad
604 2166 767 2230 vesperam.
808 2145 969 2228 aliquando
992 2163 1063 2207 voro
1089 2147 1122 2205 in

103 2236 201 2298 tribus
232 2236 366 2316 partibus
397 2237 516 2318 pollinis
549 2239 698 2299 adduntur
729 2239 813 2317 ysopi
840 2245 872 2297 et
900 2237 959 2295 iris
988 2233 1121 2314 illyricae

103 2334 204 2404 partes
228 2326 374 2407 singulae,
398 2336 427 2387 et
451 2325 587 2387 similiter
610 2336 643 2387 ut
666 2342 755 2405 supra
778 2325 875 2386 datur

177 2504 190 2550 1
209 2495 346 2550 melorum
364 2513 381 2564 p
400 2498 565 2579 (utsupra).
638 2491 1121 2579 sobuncatronep‘pmbunctione

102 2571 167 2621 ante
184 2582 254 2622 corr.
272 2584 311 2639 p,
327 2565 525 2624 milacionec
633 2565 770 2639 gripoaim
788 2568 860 2635 (-si
873 2568 909 2636 ρ)
925 2581 977 2636 pp,
1003 2565 1123 2648 possunt

102 2639 204 2707 (effide
277 2611 426 2694 abelmea
442 2655 484 2709 cp,
503 2586 678 2708 volentpgn
732 2638 820 2693 'thoc
838 2637 884 2692 est
881 2637 1012 2760 (ιιι“σ)1ΠΙ
979 2651 1023 2719 po,
1041 2635 1059 2690 ‘u
1079 2633 1122 2703 (id

103 2711 157 2774 est)
172 2725 202 2777 p.
306 2709 420 2765 foenum
437 2726 456 2781 p
474 2709 532 2779 (len
544 2727 582 2781 p,
602 2709 669 2765 leun
686 2712 722 2777 c).
826 2714 860 2763 11
879 2706 942 2762 insa
963 2705 1121 2789 hn,cemp

101 2777 619 2850 mstlltcatp,1nstlharl08mc(tdetl
634 2778 815 2835 irioilliricam
818 2780 901 2862 pop).
973 2777 1015 2848 ity
1023 2777 1122 2849 plsopi

102 2866 347 2991 bilibit,
362 2850 670 2992 territatum?
679 2868 729 3006 ,l
737 2849 1059 2978 'ffiili'll'blldll
1077 2864 1122 2974 lit

101 2992 252 3063 herbump
271 2995 411 3062 (supropc
429 3009 516 3063 genus
520 2964 729 3064 leguminislst
720 3009 739 3048 ι.
756 2991 883 3079 b'birp.
946 2996 981 3046 lo
999 2989 1122 3046 herbum

99 3063 247 3190 fuimis
249 3062 488 3203 .c(-dppbrpm.
512 3063 766 3191 οἶΙξαιιοπξίζέιξ
787 3067 844 3203 εἶθ
867 3055 982 3187 οῳρῗέ
995 3059 1121 3215 Νκὲιιοιῶἔι

101 3206 178 3274 quod
197 3152 285 3276 (ppqc,
305 3152 446 3276 quamg.
507 3211 540 3260 to
559 3150 828 3276 chvticppomibn
819 3220 891 3287 pop.
963 3202 1043 3258 lenm
1065 3202 1119 3257 cri·

100 3276 210 3332 bellate
223 3276 349 3346 (cribello
363 3280 387 3344 c)
401 3276 517 3331 arabicis
532 3276 639 3346 (boicis
652 3280 677 3345 c)
688 3293 734 3348 po.
752 3274 972 3415 subtiliterartes
907 3272 1001 3329 cribes
1007 3273 1120 3357 (oic)p.

100 3348 280 3404 lococlffirl
299 3363 326 3412 o,
346 3347 455 3402 ooclffiar
473 3348 494 3401 Ι.
513 3366 541 3418 p.
631 3353 665 3402 22
684 3346 839 3403 additur..
991 3344 1120 3416 singulas

101 3419 176 3485 (-—le
196 3422 220 3483 c)
238 3436 271 3487 pc
289 3418 482 3486 (addunth
499 3437 548 3489 .p
567 3417 676 3488 singule
690 3420 731 3488 ρ).
832 3362 904 3486 sopi.
922 3418 953 3472 et
896 3345 1120 3489 artesilliricpp,

100 3506 141 3561 ιρι
160 3497 171 3545 i
191 3490 351 3558 illinoec(
341 3490 432 3560 (ysopi
455 3493 484 3545 et
501 3490 597 3559 prisill'
612 3493 655 3559 ρ)
750 3493 784 3542 28
840 3489 888 3542 tur
904 3503 950 3557 pc.
969 3486 1119 3555 denlnrp.
