2512 3908
527 180 735 226 „vp-

111 307 226 369 codicis
247 306 428 368 Parisiensis
446 305 496 366 lat
517 301 617 385 6114,
640 308 739 384 ipsum
757 307 890 367 codicem
908 308 1024 386 inspexi
1043 324 1135 386 quem

111 395 184 456 oiim
212 395 330 456 viderat
352 393 492 454 Labheus
520 400 609 473 atque
638 392 700 454 loca
731 393 874 472 quaedam
896 413 965 456 cum
987 396 1072 455 initio
1097 413 1134 455 ex

112 501 148 544 eo
176 490 319 560 excerpta
351 499 472 542 mecum
498 475 659 563 abstuli.*)
708 480 814 541 deinde
842 498 867 540 a.
893 478 977 543 1865
1004 476 1134 543 eundem

112 579 269 632 auctorem
291 569 364 630 licet
381 588 563 650 anonymum
585 578 616 631 et
639 569 795 630 confusum
813 576 843 629 et
865 568 986 630 dimidia
1004 570 1066 630 iere
1086 572 1134 631 sui

112 666 198 737 parte
223 665 398 719 truncatum
421 665 524 720 extare
550 658 611 719 vidi
634 660 665 718 in
687 657 789 719 codice
814 657 843 718 S.
862 656 937 718 Galli
957 653 1020 719 105
1037 661 1134 736 ’atque

113 762 150 807 ex
173 745 231 807 hoc
255 746 421 825 exemplari
443 755 595 825 tamquam
618 764 654 806 ex
677 755 760 806 certo
788 746 914 824 quodam
941 745 1133 806 fundamento

113 835 163 895 edi
186 852 275 912 posse
300 834 443 895 intellexi.
480 834 562 894 hunc
585 835 695 893 iterum
722 835 752 893 in
775 832 907 894 Helvetia
931 840 1133 894 commoratus

113 921 262 1000 descripsi
285 939 311 981 a.
338 918 423 982 1869
452 914 619 1003 (12-18.
643 913 744 1002 Aug),
772 919 918 999 descripsi
940 924 1029 982 etiam
1051 920 1133 982 Pari·

113 1010 245 1069 siensem
268 1009 306 1068 ad
330 1026 378 1068 me
402 1010 614 1070 transmissum
636 1006 806 1068 Berolinum
828 1025 853 1067 a.
880 1005 977 1088 1870,
993 1009 1133 1090 denique

112 1095 149 1156 ad
173 1105 337 1174 utrumque
361 1095 478 1157 contuli
500 1094 773 1174 Cantabrigiensem
800 1088 853 1179 (de
877 1113 935 1175 quo
958 1114 1019 1157 uno
1042 1097 1150 1173 verba⁵

113 1183 185 1244 iecit
204 1183 388 1264 Daremberg
407 1187 439 1246 in
458 1185 504 1246 ed.
523 1183 653 1246 Oribasii
671 1193 691 1245 t.
710 1184 723 1244 l
741 1203 769 1263 p.
788 1178 854 1267 XL)
874 1202 963 1264 quem
980 1191 1011 1247 et
1033 1186 1134 1263 ipsum

113 1288 168 1350 per
195 1281 259 1333 tres
287 1272 351 1334 iere
379 1291 500 1335 menses
527 1291 620 1353 penes
647 1292 695 1334 me
722 1273 812 1334 habui
834 1273 964 1335 Beroliui
986 1291 1012 1333 a.
1037 1270 1132 1335 1873.

113 1377 150 1421 ex
182 1360 282 1422 tribus
314 1360 363 1423 his
395 1362 552 1424 codicibus
582 1380 659 1442 quos
690 1361 768 1422 solos
795 1363 864 1422 novi
890 1369 1022 1422 veterem
1051 1360 1133 1422 hunc

113 1449 464 1511 medicinaeauctorem
492 1452 612 1512 restitui
639 1468 655 1509 a
685 1443 835 1528 letoldo,
865 1448 958 1528 relegi
984 1467 1009 1509 a.
1037 1445 1133 1511 1878.

113 1554 204 1615 quem
222 1556 304 1598 nuuc
324 1537 390 1616 edo,
413 1538 515 1598 labore
535 1536 656 1616 quidem
678 1538 800 1615 privatis
823 1539 898 1598 vitae
919 1538 1001 1599 curis
1024 1536 1133 1598 sollici-

113 1624 331 1703 iudicibusque
358 1643 448 1704 saepe
476 1627 646 1703 interrupto
675 1633 763 1705 atque
789 1627 821 1686 in
837 1624 958 1690 .Felice
974 1633 1009 1686 ut
1035 1625 1133 1686 fateor

113 1714 187 1773 satis
210 1712 333 1773 infelici.
1030 1739 1033 1746 ·
1099 1745 1103 1751 ·

202 1854 372 1915 Berolini
395 1857 448 1917 30.
467 1854 532 1918 occ
558 1858 653 1918 1eae.
727 1831 729 1837 '
853 1834 856 1842 '

761 1999 962 2056 Valentinus
983 1999 1096 2056 Boeo·
1130 2019 1134 2028 ·

184 2182 211 2252 ⁸²)
234 2184 387 2252 propterea
410 2179 499 2237 Cassii
526 2180 698 2238 mentionem
719 2180 774 2236 ieci
795 2181 906 2237 utiam
929 2179 960 2236 in
976 2178 1131 2237 Aristotele

112 2253 363 2336 Pseudepigrcpho
385 2269 414 2336 p.
434 2258 487 2308 888
498 2252 552 2335 ‘cic
568 2255 599 2337 88
620 2251 818 2335 1666886861
836 2251 875 2335 Π,
895 2256 954 2306 118.
974 2257 1039 2319 181,
1057 2252 1132 2335 pade

111 2322 1131 2476 eeeouatuudttetmmattemptet

133 2504 140 2520 .
166 2469 235 2520 1088
265 2465 316 2535 sq.)
344 2481 410 2521 cum
438 2462 537 2521 088818
559 2463 611 2520 1118
634 2479 713 2520 cmm
736 2463 812 2534 apud
834 2462 1075 2535 08186611118668
1096 2463 1131 2518 fic

110 2481 187 2589 5668
206 2537 335 2590 nostrum
358 2535 434 2592 mele
459 2534 762 2605 8861666868,(616888
781 2533 1129 2605 ,,81861181661“),’886816

112 2621 206 2661 errore
225 2621 281 2676 quo
300 2605 359 2661 iem
378 2605 491 2677 lapsum
509 2605 632 2662 vidimm
649 2603 790 2662 Simonem
808 2605 985 2662 Jenuemem.
1011 2629 1015 2637 ·
