2512 3908
488 288 552 346 ¹-
601 253 663 317 139
712 288 750 297 -

106 399 208 460 veteri
232 405 263 457 et
286 398 366 457 nitro
386 405 418 459 et
435 396 523 459 melle
542 395 659 458 modico
678 396 808 458 adhibita
830 395 962 458 vertebri
980 395 1135 458 humorem

106 485 256 564 trigidum
286 484 443 566 depurgat.
495 488 521 547 si
551 504 622 546 vero
652 493 720 564 post
749 486 913 546 secundam·
941 485 988 546 vel
1001 552 1004 558 ,
1018 487 1135 545 tertiam

108 575 306 635 iniectionem
330 576 453 636 minime
477 575 590 635 luerint
612 573 734 632 relevati
757 576 917 654 patientes,
947 577 1135 636 extrinsecus

103 660 169 722 sub
193 661 334 725 clunibus
353 671 385 723 et
404 662 512 722 humor
534 664 600 741 ipse
619 661 801 742 ostenditur,
824 670 945 740 praetor
963 681 998 722 ea
1017 672 1136 741 oportet

108 752 194 829 ipsos
213 750 386 812 laborantes
404 747 501 809 calido
515 752 561 811 uti
579 748 695 810 lavacro
713 757 745 810 et
762 748 827 810 loca
842 767 918 829 quae
937 750 1051 809 luerint
1067 751 1161 811 oleo⁵

108 839 158 900 vol
186 845 342 918 unguento
371 837 484 918 polluta
512 837 737 917 diligentissime
770 839 866 916 pridie
894 856 1006 917 sapone
1035 836 1133 898 lavari.

104 927 220 987 delrinc
243 924 300 987 alia
324 924 373 987 die
397 925 531 1006 thapsiae
555 944 627 986 suco
651 928 730 1004 ipsas
754 926 853 986 illines
875 935 977 1004 partes
1000 936 1030 986 et
1053 928 1133 986 sines

107 1015 208 1076 donec
235 1014 381 1090 inflentur
404 1032 459 1076 seu
487 1013 708 1096 pustulescant,
735 1023 766 1074 et
793 1022 862 1094 post
884 1013 948 1074 dies
972 1012 1013 1073 lll
1036 1024 1087 1075 aut
1110 1013 1134 1070 V

106 1104 260 1163 cerotario
292 1121 329 1164 ex
364 1102 521 1182 diachplon
553 1103 690 1163 consecto
721 1105 825 1163 uteris.
871 1104 918 1163 sin
945 1120 1016 1162 vero
1044 1105 1133 1162 nimis

107 1190 240 1253 acerbus
268 1192 404 1270 coegerit
430 1189 530 1271 dolor,
557 1193 645 1251 etiam
670 1199 700 1251 et
725 1193 758 1250 in
781 1190 920 1251 cruribus
944 1208 1034 1270 supra
1057 1190 1172 1250 talos10

109 1281 272 1341 interiores
299 1297 392 1340 venas
424 1278 540 1340 incides
569 1286 601 1339 et
632 1287 701 1358 post
732 1279 946 1339 detractionem
979 1281 1131 1358 sanguinis

110 1369 221 1429 factam
244 1366 463 1429 medicamento
491 1365 652 1446 emplastro
679 1367 840 1428 ischiadico
869 1369 973 1427 uteris.
1008 1375 1040 1427 et
1062 1384 1130 1428 con·

108 1457 212 1518 ficitur
239 1457 292 1518 sic.
317 1458 445 1536 recipit
472 1456 608 1536 adarces,
636 1457 760 1535 sinapis,
787 1457 914 1535 pyram,
942 1456 1131 1535 stafisagriae,

105 1543 252 1606 bacarum
280 1542 372 1626 lauri,
400 1546 544 1619 samsuci,
571 1545 657 1621 nitri,
684 1546 809 1625 piperis,
838 1546 969 1604 omnium
998 1553 1066 1604 octo
1095 1557 1131 1604 —2-

104 1632 256 1713 singulas,
287 1635 406 1694 resinae
430 1633 524 1694 frixae
547 1630 569 1698 5
591 1630 641 1714 Vl,
664 1650 750 1692 cerae
774 1641 804 1693 et
827 1632 884 1692 olei
907 1633 1016 1692 veteris
1039 1631 1130 1692 libras
1146 1647 1170 1686 1⁵

105 1720 249 1801 singulas.
286 1739 325 1782 ne
349 1720 439 1782 molle
462 1729 563 1802 exeat,
585 1719 606 1786 5
629 1719 666 1780 Vl
690 1723 790 1781 mittes
812 1720 879 1780 olei.

417 1895 506 1958 Lllll.
542 1897 591 1958 Ad
614 1897 816 1978 paralysim.

196 2021 252 2082 llst
278 2028 393 2082 autem·
408 2021 552 2103 paralysis
578 2023 711 2083 causatio
738 2039 898 2082 nervorum
929 2023 980 2100 qui
1004 2020 1128 2099 singulis

107 2109 241 2171 motibus
264 2107 470 2171 membrorum
497 2111 666 2171 inserviunt
689 2120 740 2171 aut
766 2128 895 2190 quorum
918 2108 1046 2169 natrrrali
1069 2109 1127 2168 col-

106 2200 249 2279 ligatione
272 2196 389 2276 singula
413 2197 548 2258 membra
570 2207 725 2277 reguntur.
763 2217 797 2259 ex
817 2217 874 2277 qrra
894 2200 1039 2276 contingit
1062 2200 1167 2256 sineno

103 2288 281 2368 operatione
305 2286 386 2346 esiici
408 2294 512 2366 partes
534 2304 611 2365 quae
632 2288 795 2365 patiuntur.
833 2296 863 2346 et
882 2296 953 2346 sunt
971 2284 1125 2344 distantiae

176 2533 193 2583 8
222 2525 343 2582 relevati
371 2544 399 2583 c:
426 2527 547 2583 revelati
568 2545 599 2598 p.
721 2534 739 2581 4
767 2527 818 2581 snb
846 2525 949 2581 cubitis
975 2526 1076 2581 humor
1103 2542 1126 2591 c,

100 2599 244 2703 aucub3²l
259 2614 363 2671 humor
376 2632 407 2685 p.
513 2615 574 2687 ipse
592 2631 642 2671 om.
658 2633 690 2686 p.
787 2617 916 2685 preterea
928 2632 965 2685 p:
985 2616 1086 2682 postea
1104 2631 1125 2668 c.

101 2703 254 2776 opollnta
267 2721 305 2774 pa
323 2703 429 2774 pocula
446 2721 470 2760 c
542 2703 634 2775 pridie
651 2705 712 2773 (sic)
727 2720 782 2773 pro
799 2703 891 2772 prima
909 2703 954 2756 die
973 2720 1013 2772 cp,
1087 2703 1126 2756 la-

100 2773 183 2831 vacri
200 2792 224 2844 c,
241 2775 339 2830 lavam
352 2792 385 2845 p.
469 2780 573 2831 tanen
592 2792 614 2832 c.
695 2774 782 2830 illinis
800 2791 841 2844 cp.
914 2773 982 2827 sinis
995 2791 1037 2843 ap.
1110 2781 1126 2828 8

99 2846 301 2919 pustuleaoant
319 2862 353 2916 cp
378 2846 427 2914 (cs.
448 2843 521 2902 Occi,
540 2847 612 2901 Aur.
626 2863 658 2916 p.
677 2851 752 2913 553).
860 2853 876 2899 9
896 2846 1033 2900 cerotario
1052 2847 1082 2899 el
1095 2861 1125 2913 p,

100 2919 257 2974 centaurea
275 2933 310 2972 ex
328 2932 350 2972 c.
425 2916 569 2973 diachilon
587 2934 629 3000 cp.
701 2915 828 2971 conlecto
844 2915 941 2984 (-lio)
956 2933 978 2984 p
997 2916 1072 2983 (-to
1092 2922 1125 2982 o).

102 2988 156 3044 Sin
173 2987 327 3055 (obicio
344 3005 402 3044 roa.
421 2993 505 3058 corr.)
518 3005 554 3058 p:
573 2986 604 3043 Si
622 3005 644 3044 c.
727 2994 761 3042 10
780 2988 895 3041 acerbus
915 3004 942 3041 e:
961 2989 1126 3053 acer(?ea

99 3075 173 3116 corr.
196 3059 344 3129 emotum)
355 3075 389 3130 p.
467 3059 555 3115 etiam
578 3075 630 3114 om.
649 3077 671 3115 o.
750 3064 781 3111 11
800 3057 946 3112 inferiores
965 3075 1005 3126 ep.
1084 3057 1125 3110 in·

100 3130 174 3186 cidia
200 3146 216 3185 c
242 3128 340 3198 (-dea
387 3133 403 3198 l
521 3136 554 3186 12
582 3129 818 3185 medicamentum
846 3146 887 3198 cp.
1001 3127 1126 3197 eplansti

93 3199 262 3273 -z-piordrae
276 3216 309 3269 ρ,
327 3147 414 3272 epfm
432 3199 564 3272 sciaticm
582 3218 598 3266 z
617 3200 760 3271 pliniatieu
778 3216 801 3255 o.
884 3205 916 3253 13
936 3201 962 3265 ll
980 3216 1007 3253 c:
1028 3216 1079 3252 om.
1094 3216 1124 3268 p.

99 3287 225 3344 adaricis
243 3305 266 3344 c.
340 3288 432 3360 sinapi
449 3306 477 3345 c:
497 3306 569 3360 —pe
582 3307 615 3359 p.
702 3295 736 3343 14
754 3291 811 3344 cim
829 3290 892 3343 octo
912 3271 945 3350 ⁷5
965 3287 1079 3356 aingl'aa
1098 3304 1125 3341 c:

98 3364 147 3416 ari.
165 3364 194 3430 -;-
212 3360 233 3414 1.
247 3375 279 3429 p.
356 3365 390 3415 15
409 3359 472 3416 o’te.
488 3359 546 3417 olei
559 3360 655 3416 uteris.
674 3359 777 3430 lrngl'rs
791 3377 826 3416 ne
841 3399 847 3412 .
864 3401 869 3413 .
885 3401 892 3413 .
907 3360 969 3426 (sic)
984 3377 1006 3412 c.
1080 3363 1123 3412 afr.

100 3430 130 3487 l’.
149 3431 171 3487 I.
186 3448 217 3501 p.
293 3436 328 3485 16
341 3447 378 3486 ne
392 3431 480 3487 molle
494 3435 577 3487 exeat
590 3433 652 3500 (sic)
665 3448 698 3500 cp
717 3432 797 3498 (sorte
815 3431 895 3486 scrib.
918 3435 969 3484 aut
986 3448 1012 3484 n.
1028 3447 1063 3484 rn.
1080 3432 1123 3497 e.).

102 3509 137 3559 tr
156 3501 200 3557 De
217 3501 349 3573 passione
367 3501 487 3572 paralisi
499 3519 531 3573 p.
605 3508 639 3556 21
660 3502 768 3558 efficere
787 3519 828 3572 cp.
