2512 3908
497 240 735 308 -187-

195 385 284 448 aliud.
322 392 433 446 cretam
456 386 604 446 cimoliam
627 404 697 447 cum
714 384 844 447 alumine
868 388 962 447 scisso
981 402 1057 463 aqua
1076 403 1123 444 re-

99 475 203 537 solves
231 482 263 536 et
288 493 344 554 per
371 482 467 537 totum
494 473 531 536 ab
558 473 731 554 inguinibus
759 482 790 534 et
816 476 935 554 pectine
964 491 1060 553 usqne
1087 473 1124 533 ad

102 562 198 644 pedes
220 565 253 623 in
276 563 338 624 sole
361 563 484 624 oblines.

132 700 134 710 ,
195 651 276 713 alind
294 652 331 713 ad
349 651 535 732 hydropicos.
572 666 738 730 sympasma
761 648 991 711 desiccatorium
1015 669 1122 712 arenae

101 738 249 802 ferventis
273 739 482 813 adobrutione,
511 756 599 817 quam
628 737 849 800 ammocbosian
871 746 990 812 vocant,
1018 745 1050 797 et
1071 739 1151 818 hps

100 827 229 909 dropica
257 837 288 889 et
315 830 393 888 sicca
421 825 540 908 lavatio,
569 845 644 906 quae
668 846 684 888 a
708 827 829 888 Graccis
852 827 1002 888 xerolnsia
1025 826 1123 906 appel·

103 915 193 978 latur.
222 915 252 976 id
267 925 315 977 est
333 925 527 995 sympasmate
545 916 630 995 prius
644 918 764 995 corpori
778 915 898 975 sudanti
911 918 942 975 in
956 933 1024 975 acre
1044 914 1123 975 bono

100 1002 291 1065 lavacrorum
319 1021 453 1084 asperso,
469 1011 511 1066 ,et
539 1007 582 1065 sic
609 1003 718 1064 sabano
747 1005 827 1064 sicco
856 1003 1064 1084 detergantur,
1094 1011 1124 1065 et

98 1091 161 1153 alia
184 1090 276 1154 multa
299 1092 411 1173 cyclico
434 1093 530 1154 modo.
567 1091 744 1153 mirabiliter
766 1101 917 1172 operatur.

235 1224 374 1288 cxxvii.
411 1225 459 1286 rid
482 1225 793 1305 praefocationem
816 1227 989 1286 matricis.
1138 1245 1164 1283 ιο

194 1321 451 1385 Praelooationem
469 1325 602 1384 matricis
624 1324 762 1402 sequitur
785 1321 904 1383 subitus
927 1340 1024 1406 casus,
1042 1323 1123 1382 vocis

99 1413 269 1490 amputatio
288 1420 323 1473 nt
339 1411 555 1492 obmutescant,
578 1421 610 1472 et
627 1411 824 1491 apprehensio
844 1428 965 1491 sensns,
987 1411 1124 1472 dentium

101 1499 233 1560 confixio
252 1508 283 1560 et
302 1498 413 1561 stridor
434 1500 557 1579 rapidus
580 1502 620 1560 ita
643 1510 677 1560 ut
700 1501 880 1560 accessionis
904 1507 1040 1578 tempore
1064 1517 1123 1559 una

101 1590 175 1666 pars
193 1588 256 1648 oris
272 1580 312 1648 ad
329 1587 452 1648 alteram
470 1597 585 1668 partem
604 1588 731 1648 conduci
755 1587 904 1668 videatur,
927 1587 1123 1649 articulorum

99 1678 286 1757 contractio,
317 1677 559 1757 praecordiorum
587 1676 770 1756 suberectio‚
801 1678 897 1755 ipsius
925 1679 1057 1737 matricis
1085 1676 1123 1736 ad
1137 1689 1163 1729 1⁵

100 1765 279 1843 superiores
310 1772 410 1844 partes
446 1764 627 1844 sublugn‘nm.
676 1773 748 1825 tunc
785 1767 875 1825 etiam
911 1765 1042 1825 thoracis
1073 1783 1123 1824 ex-

101 1850 209 1912 tantia
226 1852 356 1914 eliicitur
383 1861 415 1914 et
445 1854 549 1934 pulsus
576 1855 718 1933 parvitas,
749 1851 899 1932 aliquibus
927 1862 959 1913 et
985 1853 1123 1914 alienatio

103 1942 215 2002 mentis
229 1949 275 2023 ,et
300 1944 411 2002 iterum
436 1942 534 2003 subita
555 1944 720 2022 resumptio
747 1943 790 2002 ita
812 1948 847 2002 ut
869 1942 968 2002 omnia
992 1959 1067 2020 quae
1091 1943 1122 2002 in

98 2031 276 2091 accessione
300 2032 450 2091 senserint
472 2030 653 2091 dimissionis
676 2040 811 2110 tempore
835 2031 1041 2092 recordentur.

176 2149 193 2200 2
211 2144 338 2216 pectine:
356 2147 465 2217 pedena
482 2164 511 2212 c,
528 2147 660 2229 pudenda
674 2164 704 2216 p.
796 2152 813 2200 4
832 2153 957 2216 sipasma
975 2162 1016 2215 cp.
1106 2152 1121 2200 5

101 2215 245 2271 ferventes
258 2219 324 2288 (c)p.
396 2218 432 2272 ad
451 2218 619 2273 obrisronem
639 2235 662 2286 c,
682 2217 925 2285 adobn'tionemp
944 2219 995 2284 (od
1011 2233 1067 2271 rem
1086 2217 1122 2284 cs.

100 2286 205 2342 Actiue
226 2292 277 2354 10,
299 2293 347 2346 27.
371 2294 411 2344 28
432 2295 459 2344 et
481 2294 511 2356 3,
535 2295 560 2344 9.
604 2289 672 2344 Gela.
695 2293 726 2356 3,
750 2293 808 2356 21).
924 2286 1077 2342 amocisian
1099 2305 1123 2357 c,

100 2356 249 2414 arnocosia
262 2375 294 2428 p.
365 2361 396 2414 et
412 2359 548 2430 ydropica
558 2377 591 2430 p,
609 2361 639 2415 et
655 2359 781 2428 tropicon
800 2377 815 2414 c
832 2360 908 2426 (sort.
923 2361 967 2413 est
984 2359 1032 2427 lu).
1106 2366 1123 2414 6

100 2430 204 2500 xero(n
216 2428 315 2500 c)lusia
332 2447 376 2500 cp.
461 2436 477 2485 ⁷
496 2429 514 2484 i
533 2430 573 2500 (id
592 2431 646 2500 eet)
665 2431 803 2500 sispasma
820 2430 897 2500 prins
916 2429 1040 2499 corporis
1058 2446 1122 2484 asu·

100 2550 186 2608 danti
199 2569 227 2622 c,
245 2558 276 2610 et
288 2504 534 2640 ripaematffiq
552 2559 582 2624 (q
599 2556 650 2610 del.
664 2557 710 2624 ρο)
726 2553 850 2624 corporis
866 2552 979 2608 sudanti
989 2570 1020 2622 p.
1093 2552 1124 2610 in

103 2655 172 2696 aere
193 2640 270 2698 bono
293 2643 469 2699 lavacrorum
488 2660 516 2699 cr
538 2644 568 2698 in
593 2642 748 2712 lavacrisp
768 2642 816 2708 (cf.
838 2640 910 2695 Cael.
929 2642 1001 2696 Aur.
1020 2642 1076 2697 clar.
1095 2645 1123 2707 3,

100 2715 179 2780 117).
248 2729 362 2785 asperae
375 2732 398 2782 c,
412 2732 479 2769 -sa
486 2732 518 2784 p.
587 2721 603 2768 9
618 2713 696 2768 licito
710 2713 794 2768 modo
808 2729 831 2779 c,
847 2711 918 2765 ciclo
932 2711 1017 2766 modo
1026 2728 1059 2781 p,
1073 2712 1124 2767 ubi

99 2783 222 2839 admira
229 2790 266 2855 ρο
283 2787 303 2842 i.
319 2801 341 2841 e.
355 2792 489 2841 corrector
501 2801 616 2841 coaevas
630 2801 698 2840 eaeo.
715 2783 810 2838 XIV:
834 2781 852 2837 i.
867 2782 951 2836 modo
965 2782 1019 2837 hoc
1037 2783 1122 2839 modo

99 2851 155 2909 illc
178 2853 307 2911 iterando
332 2874 402 2926 opus
425 2857 513 2912 etad
536 2857 611 2912 idem
634 2855 728 2925 sepius
752 2853 917 2908 revertendo
942 2853 986 2907 ita
1011 2853 1123 2908 videtur

100 2921 175 2979 licet
190 2925 321 2982 dubitem
338 2930 377 2995 (l).
459 2932 591 2997 operatur
607 2928 671 2993 (eie)
688 2943 730 2994 cp.
820 2930 852 2978 10
871 2925 913 2978 De
931 2923 1123 2993 prolocutione

101 3013 143 3052 m.
155 3010 189 3063 p.
299 3005 330 3053 11
350 2998 475 3085 matricio
493 3015 528 3067 p:
552 3001 603 3052 airt
624 3000 742 3066 (autem)
760 3013 783 3052 c.
893 3001 926 3048 12
945 2995 1081 3064 apbenaio
1099 3011 1123 3062 c,

100 3076 214 3180 adptffro
223 3121 254 3174 p.
327 3122 458 3160 sensnum
473 3122 495 3160 c.
569 3110 601 3158 13
617 3103 752 3158 confrixio
767 3118 789 3156 c.
862 3100 978 3170 rapidus
991 3117 1020 3155 c:
1033 3116 1084 3155 om.
1093 3119 1122 3170 p.

104 3212 141 3264 lb
159 3187 208 3279 §uto
225 3227 259 3280 pr
277 3211 452 3268 detractione
471 3229 493 3266 c.
578 3209 728 3278 eubereptb
745 3209 809 3276 (cic)
827 3224 855 3273 c,
874 3207 1008 3262 surrectio
1022 3224 1045 3277 p
1064 3209 1123 3277 (pr-

101 3294 260 3368 τεωρισμὸς
282 3299 342 3356 Sor.
362 3318 391 3369 p.
416 3305 472 3355 249
491 3299 539 3367 D).
615 3305 646 3352 16
672 3279 811 3367 subifgrirt
829 3313 865 3365 p,
889 3296 1082 3365 subfumigant
1108 3312 1124 3351 e

101 3362 255 3440 (ἄναφνγή
279 3370 340 3426 Sor.
361 3389 390 3439 p.
408 3375 484 3440 249).
604 3376 635 3423 11
660 3386 763 3438 parvus
787 3385 809 3422 c.
919 3384 944 3420 a.
969 3369 998 3421 et
1022 3367 1123 3421 mentis

100 3438 241 3496 alienatio
255 3459 292 3512 p,
309 3458 336 3497 a.
354 3441 489 3497 alienatio
508 3443 537 3494 et
555 3439 667 3495 mentiri
685 3455 706 3494 c.
796 3444 828 3493 18
848 3439 961 3493 subdita
980 3455 1001 3492 o.
1090 3443 1122 3491 19

101 3511 295 3569 acceseionem
313 3530 354 3582 cp.
428 3512 545 3568 senserit
563 3529 590 3579 c,
614 3510 784 3580 sumpserint
797 3527 826 3578 p.
901 3507 1045 3563 diuisionis
1065 3525 1086 3563 c.
