2512 3908
402 274 728 352 *243-

108 426 261 480 rocantur.
303 426 334 478 et
362 427 432 480 sunt
458 420 622 480 curationis
650 420 790 482 difficilis.
833 427 1001 481 nascuntur
1031 421 1062 481 in
1086 439 1133 480 ra·

107 506 260 586 cochymis
283 507 460 587 corporibus
483 508 513 569 id
536 515 583 570 est
606 508 682 570 malo
705 508 832 571 humore
856 510 1015 589 possessis.

199 604 246 656 est
268 597 377 657 iterum
401 595 480 657 aliud
508 615 604 675 genus
627 597 795 656 scrofarum
820 599 943 658 minime
967 596 1133 659 adhaerens

108 682 162 744 sed
190 686 284 765 magis
313 684 369 746 sub
392 692 460 745 cute
489 693 594 744 natans
621 693 653 745 et
679 683 809 762 plurima
833 686 953 745 natione
983 685 1133 765 pullulans

107 774 188 834 sicut
214 791 310 854 genus
326 790 512 853 porcorum,
539 771 619 833 unde
647 774 758 833 iterum
791 772 908 833 scrofae
942 790 1053 833 nomen
1086 789 1160 835 aes

106 870 264 942 ceperunt.
306 868 470 921 nascuntur
497 868 531 921 ut
559 879 650 941 supra
678 861 864 922 dictumest
894 859 1078 941 glandulosis
1101 864 1132 922 in

106 949 194 1009 loris.
222 956 254 1006 til
284 951 314 1006 ln
340 956 459 1007 dttllure
484 949 527 1003 vol
553 949 608 1003 suli
633 949 675 1000 ala
702 959 750 1000 nsit
781 951 810 999 in
841 951 964 1005 inculco
1008 957 1035 996 ot
1063 959 1130 997 cum

105 1042 169 1098 sire
193 1038 344 1116 chirurgia
367 1040 428 1098 sive
452 1038 675 1099 medicamentis
699 1040 854 1098 curatione
879 1038 992 1098 faciles.

196 1133 322 1206 propter
344 1143 378 1186 ea
401 1126 564 1186 curationis
592 1133 726 1205 tempore
755 1125 855 1186 dialon
879 1125 1132 1186 medicamentum

104 1215 233 1276 interius
252 1231 308 1275 suo
328 1213 395 1275 loco
413 1216 617 1294 conscriptum
636 1233 777 1295 appones.
815 1217 898 1275 novit
916 1217 997 1275 enim
1017 1214 1131 1275 scrofas
1147 1232 1172 1271 ιο

54 1383 57 1386 .
104 1302 223 1364 solvere
242 1312 274 1364 ct
295 1304 327 1362 in
349 1301 475 1363 humore
494 1301 655 1382 purulento
674 1320 835 1363 conversas
858 1320 914 1382 per
938 1320 1029 1382 poros
1052 1304 1131 1363 cutis

104 1390 268 1452 desiccare.
300 1396 353 1451 aut
370 1399 452 1452 certe
472 1390 580 1451 melino
595 1389 769 1471 Vespasiani
787 1390 968 1471 appellatum
988 1407 1130 1471 appones,

105 1489 137 1542 ct
159 1477 362 1542 cumfvideris
390 1496 481 1559 supra
506 1478 600 1540 dictas
623 1479 738 1540 scrofas
761 1481 793 1539 in
817 1478 962 1540 saniolam
986 1481 1130 1554 converti,

104 1567 258 1648 chirurgia
291 1569 387 1629 uteris
421 1576 452 1628 et
487 1566 653 1628 secundum
691 1570 839 1628 rationem
877 1566 1012 1649 curabis,
1049 1567 1129 1647 quod
1238 1642 1242 1648 ἢ

81 1655 213 1718 ·Graeci
236 1662 300 1716 cata
323 1654 412 1735 logon
434 1664 548 1716 vocant.
1145 1669 1170 1709 ιο

396 1814 510 1877 xxvd.
547 1815 595 1875 ld
619 1822 844 1877 steatomata.

140 1998 142 2002 .
196 1939 376 2001 Stcatomata
402 1939 543 2002 dicumur
571 1939 697 2001 durities
725 1942 757 1999 in
786 1937 1015 2000 similitudinem
1047 1958 1129 2001 scro-

104 2004 203 2091 farum
226 2036 414 2108 emergentes
436 2028 524 2109 paulo
552 2031 684 2109 potiores
708 2036 740 2088 et
762 2027 930 2109 modiorcs,
958 2044 1036 2105 quae
1059 2046 1130 2087 cum

103 2118 197 2198 digito
221 2116 335 2178 luerint
355 2119 517 2197 impressae
546 2117 657 2178 cedunt
685 2135 719 2177 ac
744 2123 922 2198 resurgunt,
950 2114 1047 2196 adipis
1070 2115 1128 2176 cal·

102 2205 161 2267 losi
188 2204 360 2286 qualitatem
388 2208 464 2266 intra
493 2223 525 2266 se
554 2207 752 2266 continentes.
799 2205 880 2266 unde
908 2206 974 2284 ipso
1007 2207 1128 2265 nomine
1144 2218 1169 2257 20

178 2401 192 2450 1
212 2393 370 2450 emotiones
388 2391 479 2446 diffisi
495 2408 514 2462 9
531 2390 685 2461 (cumidem
703 2390 835 2446 difficiles
854 2395 889 2461 c),
908 2391 1055 2448 contione
1068 2392 1129 2447 dil·

101 2465 192 2524 ficiles
210 2481 242 2535 p.
306 2536 308 2538 v
332 2462 488 2533 csoocymis
510 2480 542 2534 9,
567 2461 736 2547 ommzimis
760 2479 787 2531 e,
813 2462 979 2518 cscocismis
997 2463 1129 2534 (-cisini

101 2552 313 2622 mucorem.
386 2550 593 2606 rusticorum
611 2550 645 2621 (Ε
663 2551 738 2606 iteris
756 2568 784 2621 9,
802 2551 854 2606 oot
872 2569 887 2606 s
906 2551 1059 2606 eaicorr.
1078 2553 1138 2622 qui‘

100 2622 287 2693 oultcsterir)
299 2638 360 2694 pop.
431 2621 560 2677 minime:
573 2627 639 2676 noio
654 2621 790 2690 (nomine)
806 2638 829 2677 c.
902 2621 1126 2680 adherentes...

100 2697 233 2753 notantes
248 2736 255 2750 .
271 2735 279 2750 .
295 2735 302 2750 .
316 2688 477 2764 pululantes
495 2693 685 2763 (pululocions
703 2691 879 2762 pullulantes
898 2694 937 2761 ct)
954 2709 998 2775 9ο,
1019 2692 1126 2769 7-tium

100 2799 206 2855 semper
218 2800 250 2853 p.
322 2780 473 2836 tosticus
490 2798 536 2853 pc:
555 2780 711 2836 venatione
726 2797 757 2850 9.
851 2781 969 2863 pucros
984 2798 1088 2837 nomen
1100 2799 1128 2852 9,

101 2871 206 2912 nomon
220 2852 326 2910 scrofas
341 2869 479 2920 unomen
492 2852 581 2908 seroie
590 2869 621 2922 9.
695 2852 761 2905 'tin
779 2850 809 2906 in
862 2867 896 2906 ne
912 2867 927 2906 c
945 2851 984 2921 (in
1004 2869 1056 2907 οοι.
1070 2855 1126 2924 pp).

102 2932 121 2985 8
140 2924 337 3009 cunti-onem
356 2926 437 2993 (-ne
455 2925 506 2994 9ο).
580 2922 725 2978 θάἱοίοοο
743 2939 785 2993 9ο,
805 2869 899 2976 ἔὶωῐοό
914 2939 938 2992 p
957 2924 1005 2991 (es.
1025 2940 1047 2978 e.
1067 2928 1125 2990 21).

103 3021 140 3071 10
156 3014 233 3071 scrol'
246 3029 274 3084 9.
365 3017 397 3066 11
418 3028 435 3076 z
453 3013 482 3068 et
498 3011 529 3067 in
546 3013 574 3067 h.
592 3030 619 3084 9.
701 3011 732 3064 in
750 3010 869 3066 humore
887 3012 1040 3080 purulento
1059 3028 1126 3067 con-

100 3102 198 3142 versos
211 3087 369 3154 (conversos
383 3099 407 3149 c,
420 3098 554 3139 converso
564 3087 596 3153 p)
605 3098 665 3154 9ο9ο.
740 3087 774 3135 11
789 3081 895 3136 melino
908 3099 943 3154 9ο
956 3082 1072 3154 (moline
1082 3085 1126 3152 9).

103 3163 138 3214 la
157 3155 295 3212 ssniolam
312 3169 354 3225 9ο,
373 3152 450 3208 -lss
465 3172 495 3224 p.
582 3159 617 3208 14
635 3151 784 3221 cirurrigia
802 3153 867 3221 (oie)
884 3171 910 3225 9.
996 3159 1029 3208 16
1048 3157 1126 3208 coto·

100 3228 190 3300 logon
206 3243 248 3298 9ο,
266 3224 397 3295 catalogo
410 3241 442 3294 p.
513 3226 617 3280 vocant
635 3240 667 3294 9³
686 3221 836 3293 appellant
854 3240 896 3293 cp.
971 3231 1005 3279 16
1025 3226 1067 3279 tit.
1081 3225 1126 3279 Ad

100 3315 294 3372 sumnonem
324 3307 504 3382 (steitomato
523 3315 547 3382 e)
564 3329 606 3383 9ο,
624 3312 666 3366 Da
686 3309 790 3366 duritia
809 3311 896 3365 simili
918 3312 1033 3368 duritiei
1052 3329 1126 3368 scro-

99 3385 262 3455 rulommp
280 3386 322 3452 (in
339 3387 399 3441 ind.
418 3401 497 3456 capp.
515 3384 561 3439 Ad
579 3384 754 3453 steatomas).
829 3387 862 3462 ¹.⁷
881 3381 1081 3438 Steothomsta
1098 3401 1125 3453 9,

101 3456 317 3514 machometo
335 3473 350 3512 c
365 3458 441 3524 (item
458 3457 538 3524 infra
552 3471 582 3525 p.
602 3459 646 3522 44,
666 3457 704 3521 1).
783 3452 903 3508 nunties
923 3457 1011 3526 Μ).
1091 3460 1124 3508 19

99 3527 228 3602 inprossp
246 3529 322 3596 9(p):
341 3544 470 3598 expresse
488 3545 511 3585 c.
