2512 3908
518 197 756 262 -130-

126 341 213 403 melle
245 348 424 420 temporalo,
456 355 545 416 quam
577 339 726 418 appellaui
757 338 862 399 Graeci
892 342 1087 423 inomelitos,
1122 352 1154 404 et
1215 411 1218 416 ,

126 429 281 491 calefacies
304 435 335 487 et
358 428 443 504 potui
466 424 550 486 dabis
572 444 627 505 per
650 424 714 486 dios
737 425 787 488 lll.
934 477 938 483 .
1030 485 1034 490 ,
1075 479 1078 493 ς
1116 475 1120 482 .

215 513 302 573 aliud.
340 513 408 573 sillli
432 514 611 575 coclearium
635 513 648 573 Ι
671 530 739 574 cum
763 515 830 573 vino
854 514 951 574 mulso
975 527 1047 578 aute
1073 518 1151 580 duas

125 602 215 661 horas
242 600 350 662 lavacri
377 605 463 680 potui
489 602 583 664 dabis.
624 611 675 664 aui
702 599 846 662 marrubii
874 600 978 662 viridis
1006 609 1076 666 suci
1099 625 1148 667 co·

99 687 268 749 aclearium
292 708 385 752 arnum
409 710 478 753 cum
501 695 562 752 vini
584 690 673 753 mulsi
696 692 788 771 epatis
811 689 852 750 lll
874 692 960 771 potui
983 689 1072 753 dabis
1098 703 1151 754 aut

126 776 274 838 anchusae
297 779 476 855 coclearium
500 780 512 840 l
536 799 605 841 eum
629 783 705 842 rino.

156 863 160 871 ’
215 865 303 929 aliud.
339 869 625 948 apollegmatismum
648 872 699 948 qui
722 867 844 930 naribus
865 867 1052 949 infunditur,
1077 875 1109 930 et
1130 887 1148 928 a

126 952 247 1016 Graecis
269 956 435 1036 appellatur
457 956 668 1036 rinonchpiou,
692 974 727 1016 co
751 957 838 1016 modo
862 974 922 1034 quo
945 958 1092 1036 superius
1109 959 1146 1017 in

126 1045 231 1124 capitis
262 1042 451 1124 passionibus
483 1046 658 1124 scripsimus
689 1061 745 1123 per
777 1043 909 1104 triduum
939 1043 1068 1106 naribus
1099 1047 1146 1106 in·

86 1145 112 1184 10
125 1132 245 1213 funch,
268 1140 300 1193 ei
322 1130 449 1193 sanabis.
1180 1129 1183 1135 ’

169 1307 202 1369 L.
237 1308 286 1369 ad
310 1310 449 1370 ventris
472 1318 508 1369 ei
529 1310 792 1370 intestinorum
813 1309 1100 1371 reumatismum.

214 1431 270 1491 Est
283 1439 384 1491 autem
397 1432 608 1491 reumatismus
622 1433 734 1491 veniris
749 1439 780 1492 ei
792 1432 1004 1493 intestinorum
1020 1441 1146 1512 praeter

125 1518 240 1579 febrem
258 1517 406 1578 assellatio
425 1519 537 1578 renuis
560 1517 694 1599 humida,
716 1528 747 1579 ei
768 1518 925 1599 aliquando
949 1537 1020 1581 cum
1038 1539 1144 1582 morsu

125 1614 155 1667 et
177 1605 335 1686 aliquando
363 1607 428 1666 sine
452 1623 563 1668 morsu.
984 1606 988 1623 “

85 1709 111 1750 ra
214 1696 329 1756 curatio
359 1703 459 1756 autem
487 1712 591 1756 eorum
619 1696 685 1757 talis
713 1704 773 1778 est,
805 1698 884 1758 sicut
903 1694 1072 1762 dafenus
1105 1697 1142 1758 ad
1182 1753 1188 1762 .

125 1782 306 1845 Glauconem
338 1782 474 1844 scribens
505 1785 560 1844 aii:
592 1786 636 1844 uti
667 1783 790 1846 lavacris
821 1782 943 1846 debebis
975 1783 1082 1847 calidis
1111 1792 1143 1846 et

124 1874 315 1934 constrictira
339 1869 496 1932 cibatione.
1126 1905 1128 1908 >

367 2028 413 2090 Ll.
449 2030 497 2090 Ad
520 2030 671 2092 colicam
694 2039 730 2092 et
752 2031 902 2094 iliacam.

212 2152 267 2213 Est
293 2162 393 2214 autem
421 2154 513 2214 colica
541 2157 640 2233 passio
668 2163 768 2216 tumor
795 2174 863 2216 eum
893 2157 1007 2235 ingenii
1036 2155 1141 2218 dolore

84 2257 109 2297 ao
124 2244 216 2304 totius
243 2244 339 2321 ipsius
366 2243 501 2302 intestini
529 2243 608 2322 quod
632 2242 736 2304 Graeci
759 2252 902 2306 consuete
930 2243 1016 2318 colon
1040 2245 1140 2325 appel-

195 2383 210 2432 1
229 2375 398 2446 ynomslitos
411 2393 448 2447 p,
467 2377 639 2433 momellitos
657 2394 680 2433 a.
769 2377 937 2434 acalafacia
954 2395 997 2470 cp.
1087 2396 1140 2449 per

122 2448 171 2504 111.
190 2447 251 2502 dies
263 2464 296 2518 p.
373 2447 490 2518 spoiui
508 2479 543 2489 -
562 2450 602 2518 (a)
620 2447 700 2504 dabis
716 2464 809 2518 amp.
896 2449 968 2506 'ill
989 2465 1026 2519 p:
1044 2465 1096 2505 om.
1114 2466 1140 2506 c.

123 2518 399 2646 aypploplfieffrptoizmir
421 2535 452 2587 c,
474 2517 679 2646 apofl'aigsffip
700 2520 1007 2647 (dctepoflapmats‘gmia
1022 2520 1139 2646 pingui.

122 2631 257 2743 metilde
274 2590 394 2729 (arada.
413 2606 605 2717 middlicodruoa
618 2606 832 2745 decpddnvaoovgd‘·
846 2605 869 2647 ο.
895 2677 929 2717 ao
947 2606 1094 2744 &redddam
1107 2608 1140 2733 g,

123 2736 139 2784 9
162 2747 290 2812 passione
303 2748 353 2807 p„
444 2738 477 2786 11
502 2731 544 2787 Do
565 2733 746 2788 reumatismo
765 2749 797 2802 p.
905 2737 939 2787 18
963 2731 1094 2787 asellaim
1107 2749 1139 2806 p,

122 2802 258 2954 ddedadddn
267 2803 751 2957 cmompllnuedof‘ddraddradffrdd)
769 2805 865 2957 spicodr
877 2817 1138 2956 “eordrdncldlddnaicd

122 2942 251 3012 galienus
276 2947 323 2998 efc.
351 2960 385 2999 an
407 2944 451 2999 isca
478 2961 537 3000 arna
564 2961 659 3001 morsu
680 2961 703 3015 p
726 2969 761 2991 ει
783 2962 814 3000 m
838 2960 873 3000 eo
898 2945 961 3014 (pro
988 2960 1048 3000 arna
1075 2944 1139 3014 eoi)

122 3030 145 3070 c.
231 3021 264 3070 lo
287 3013 402 3085 Ourap
426 3014 473 3084 (cf.
495 3031 511 3071 c
532 3017 571 3071 ad
591 3032 616 3071 a.
638 3018 694 3085 14).
801 3030 898 3071 sorum
915 3031 943 3070 cz
964 3013 1091 3084 ipsorum
1105 3030 1137 3085 p.

122 3084 249 3155 galienus
267 3102 283 3141 c
300 3082 367 3155 (gal’
381 3085 415 3154 p)
434 3084 505 3141 ubi?
531 3087 564 3141 ia
588 3087 659 3142 faire
680 3084 840 3156 deperdito?
867 3103 907 3142 aa
931 3086 964 3140 ia
987 3089 1065 3141 actu
1081 3100 1139 3140 aar·

121 3157 208 3211 aionis
225 3161 275 3212 aet.
294 3154 420 3212 latinos?
500 3163 534 3211 16
553 3155 596 3212 ait
612 3156 655 3212 uti
671 3154 791 3212 lavacris
809 3155 891 3211 dabis
908 3154 1008 3211 calidis
1024 3158 1056 3211 ai
1072 3170 1138 3211 con·

123 3226 251 3283 siriciiva
267 3227 452 3310 vaporatione
465 3243 489 3296 a,
506 3227 549 3282 ait
567 3226 614 3298 [113
632 3227 747 3282 lavacra
759 3225 847 3295 (-eri
860 3232 925 3282 cate
937 3227 1021 3296 corr.)
1036 3224 1137 3281 calida.

123 3299 153 3352 ei
165 3297 348 3353 constrioirra
361 3297 465 3353 cibatio
475 3315 499 3366 p
511 3298 559 3365 (cf.
569 3298 642 3355 Patr.
649 3315 678 3367 p.
688 3302 767 3365 277).
832 3302 865 3352 18
879 3297 924 3352 Ad
938 3314 961 3353 c.
972 3299 1002 3352 ai
1013 3295 1137 3365 yliacam

123 3368 184 3436 (aia)
202 3385 225 3438 c,
242 3368 284 3424 De
298 3367 390 3425 colica
398 3368 531 3450 passione
543 3385 575 3439 p.
649 3375 684 3425 20
696 3367 764 3424 totis
776 3374 834 3438 rpis
851 3366 944 3424 italiis
962 3367 1030 3425 colli
1047 3371 1096 3438 qffi
1113 3382 1137 3437 a,

121 3437 209 3495 lotias
226 3437 314 3511 ipsius
332 3438 378 3508 (1⁹)
395 3438 523 3494 intestini
541 3439 597 3495 coli
615 3440 692 3509 quod
704 3457 735 3510 p.
771 3440 807 3505 es.
828 3437 899 3495 Occi.
918 3454 963 3493 oc.
980 3444 1010 3508 3,
1030 3445 1091 3494 143.
