2512 3908
421 233 720 310 x—61—

99 381 192 441 etiam
219 386 252 439 et
280 384 370 456 caput
401 377 507 458 frigida
533 377 725 459 lomentabis,
758 388 789 440 et
821 377 898 439 lines
930 377 1061 438 frontem
1093 389 1124 440 et

101 483 192 528 nares
214 474 247 527 et
268 465 325 527 sub
348 465 444 528 oculis
462 484 554 546 gypso
576 483 668 546 posca
684 467 819 529 resoluto
838 466 972 529 aut'luto
992 465 1124 547 ligulino,

101 563 154 616 aut
176 553 293 616 cocleas
318 557 450 616 minium
477 573 547 616 cum
574 572 629 615 sua
656 562 734 615 testa
761 564 793 617 et
819 555 906 616 aloen
934 555 1048 616 aridam
1073 562 1125 616 aut

99 643 206 723 gluten
228 646 380 705 taurinum
407 651 459 702 aut
487 660 540 721 ges
563 649 667 704 entera
688 641 719 702 id
742 651 791 704 est
813 642 994 704 vermiculos
1017 644 1054 706 de
1077 662 1123 705 ar·

100 733 187 812 rugia
215 732 344 794 admixta
371 732 449 792 turis
475 747 583 791 manua
610 749 681 792 cnm
709 733 757 792 ovi
784 729 851 793 albo
879 739 911 792 et
941 734 1026 792 tenni
1052 747 1151 794 con-s
1194 808 1196 813 y

100 828 183 883 teres
215 829 247 882 et
277 820 379 881 fronti
401 826 433 879 et
463 818 586 880 naribus
621 819 847 899 superinduces.
894 821 920 879 si
952 837 1023 880 vero
1055 839 1124 900 per·

100 910 247 970 manserit
269 908 422 988 sanguinis
444 907 535 990 liuor,
557 907 745 969 cucurbitam
766 926 908 988 praeraso
931 911 1029 988 capite
1053 925 1124 968 con·

100 996 306 1077 glutinandam
341 997 481 1075 occipitio
518 1013 650 1076 appones
686 1014 755 1057 cum
788 998 903 1076 ingenti
939 995 1057 1058 flamma
1093 1005 1125 1058 et

99 1086 231 1166 plurimo
254 1084 397 1147 horarum
420 1093 554 1164 tempore
577 1084 802 1146 immorandum.
846 1084 927 1165 quod
951 1087 978 1145 si
1000 1103 1057 1145 nec
1079 1087 1123 1146 sic

100 1173 295 1248 abstinuerit,
317 1175 409 1234 etiam
426 1180 458 1233 et
475 1171 638 1235 scariiabis.
674 1175 718 1234 sic
736 1174 818 1234 enim
837 1174 951 1235 iaciens
970 1174 1123 1253 sanguinis
1137 1191 1164 1231 ro

99 1263 287 1324 detractione
310 1262 388 1323 iacta
409 1263 527 1322 narium
548 1261 663 1322 fluxum
676 1261 825 1325 'mederis

192 1349 272 1411 aliud
295 1349 376 1430 quod
394 1348 560 1430 appellatur
577 1366 595 1410 a
613 1348 735 1411 Graecis
755 1349 804 1411 din
823 1351 950 1430 siougon
968 1350 1123 1411 ischemon

100 1439 134 1499 id
157 1447 204 1500 est
227 1456 263 1500 er
286 1440 410 1519 spongia
432 1438 603 1500 coniectum
625 1440 760 1499 retinens
783 1441 974 1519 sanguinem,
999 1447 1031 1500 et
1052 1456 1122 1498 con-

99 1528 202 1589 iicitur
230 1529 282 1589 sic.
323 1528 477 1607 spongiam
500 1544 606 1587 novam
635 1525 748 1606 liquida
770 1529 837 1607 pice
860 1528 991 1588 infusam
1014 1526 1123 1588 cacabo

99 1633 178 1676 noro
211 1617 243 1676 in
275 1615 364 1677 iuruo
400 1615 559 1676 combures
596 1614 696 1677 addito
729 1614 911 1695 cooperculo
944 1634 981 1676 er
1013 1615 1164 1695 argillam

99 1704 212 1767 dehinc
233 1703 392 1785 diligenter
414 1711 495 1765 teres
518 1712 549 1766 et
570 1704 694 1766 naribus
718 1703 831 1765 calamo
857 1703 1033 1766 insulllabis.
1070 1705 1124 1765 sed

99 1799 222 1873 oportet
248 1794 346 1872 primo
373 1791 506 1873 glebulas
533 1794 700 1875 sanguinis,
728 1811 804 1872 quas
832 1791 940 1854 Gracci
968 1791 1124 1854 thrombos

60 1960 73 1966 ⁸
99 1880 264 1963 appellant,
295 1899 350 1962 per
381 1899 416 1942 os
443 1880 604 1961 depurgari
633 1899 671 1943 ex
698 1881 839 1943 melotide
868 1880 951 1942 molli
982 1880 1048 1942 lana
1079 1883 1123 1941 in-

98 1970 202 2031 voluta
230 1978 262 2031 et
288 1987 380 2050 posca
405 1970 518 2052 infusa,
545 1978 577 2031 et
603 1972 647 2032 sic
677 1969 930 2053 medicamentum
960 1968 1124 2032 insufflare.

176 2190 312 2264 lirigide
326 2208 349 2262 e,
368 2185 577 2264 -dis(fr‘1⁵)p.
648 2192 715 2248 linis
728 2203 798 2264 'ops
850 2193 976 2276 ieisnb
993 2193 1082 2249 oeulis
1097 2209 1124 2250 c:

101 2263 156 2320 snb
174 2264 272 2320 oculos
288 2267 352 2331 (om.
371 2268 409 2333 et)
422 2280 453 2334 p.
543 2267 573 2321 et
589 2265 715 2320 resolute
732 2281 755 2320 o.
829 2270 846 2319 8
865 2264 947 2320 ende
960 2281 997 2335 p,
1020 2267 1124 2334 con(9l

99 2335 186 2390 trites
205 2350 229 2391 e.
299 2340 500 2392 tosentarea
520 2353 555 2406 p,
577 2336 744 2406 merentem
762 2351 785 2391 c.
858 2334 890 2390 id
907 2350 942 2377 -ὲ
961 2352 1026 2391 amu
1047 2336 1075 2392 ie
1091 2353 1124 2406 p:

101 2422 154 2462 om.
173 2420 196 2461 e.
268 2413 285 2462 t
304 2352 414 2462 inducis
432 2422 474 2476 op.
546 2413 562 2462 t
582 2406 806 2478 conglutinaris
818 2407 882 2476 (sic)
897 2424 913 2463 c
926 2407 1010 2477 (-do
1025 2354 1124 2476 loiri:

100 2510 154 2578 orn.
169 2511 201 2565 p.
273 2498 434 2578 tooppones
451 2511 467 2550 c
482 2496 590 2566 (ΡΜ.
662 2498 693 2551 ei
711 2513 776 2552 cnm
794 2512 817 2551 o.
871 2495 976 2552 idme
993 2511 1021 2565 c,
1039 2476 1125 2552 flaba

101 2569 206 2637 (eron)
224 2565 347 2638 (flemme
367 2565 463 2636 Pete).
552 2569 619 2637 etp
635 2566 754 2635 (Polme
771 2565 804 2622 in
821 2582 845 2623 c.
921 2572 938 2621 9
956 2567 1091 2622 horarum
1109 2583 1125 2623 c

100 2637 218 2707 (Petr.):
236 2653 288 2692 orn.
303 2653 334 2706 p.
426 2638 575 2694 imorendi.
588 2655 625 2707 p:
643 2637 717 2693 -de
735 2654 758 2706 o,
777 2637 850 2693 -do
870 2637 946 2693 Petr.
1037 2638 1079 2693 sie
1096 2655 1123 2694 e:

102 2723 155 2792 οη.
173 2723 198 2778 p
219 2707 330 2791 (Μ).
361 2775 390 2831 P
422 2713 456 2765 1o
478 2710 511 2791 et
530 2725 558 2765 c:
578 2724 668 2792 emp
687 2709 800 2793 (Petu).
882 2707 1068 2792 'seeriiioebist
1081 2726 1123 2779 cp.

101 2777 1124 2932 tenerniortissreeenettcuoceuirr

102 2920 222 2989 ficnbrs).
252 2919 330 2975 facta
346 2936 457 2976 nanum
474 2921 538 2989 (eie)
555 2921 729 2978 detractione
747 2921 854 2977 fluxum
866 2920 979 2977 nerium
995 2922 1123 2979 mederis.

102 3007 151 3074 eqo
169 3008 204 3047 aar
218 2990 298 3075 Ῥοῦν.
316 2991 416 3074 ociori
433 2990 552 3075 faciens,
567 3009 609 3048 ⁴ex
625 3009 649 3062 p
672 2992 802 3051 mederis.
827 3067 839 3078 .
913 2999 946 3047 12
970 2991 1124 3077 dieiirdgos

103 3063 198 3119 diemo
215 3079 235 3118 r.
254 3077 393 3132 exponere
407 3062 545 3119 conlectio
557 3079 581 3133 e,
600 3063 713 3134 mogo
732 3063 841 3119 theim
856 3064 911 3131 (oet
923 3062 1045 3119 thefinol
1058 3080 1124 3119 eon·

102 3133 180 3190 recto
198 3150 230 3258 ζ.
270 3133 321 3188 udi
342 3132 450 3188 sdiemo
472 3149 530 3190 non
550 3139 589 3190 est
611 3151 666 3205 pro
686 3133 806 3204 ἔναιμον
825 3136 868 3203 (ut
886 3133 950 3191 (iol.
969 3122 1041 3202 xm
1060 3136 1124 3202 876)

102 3205 151 3260 sed
167 3221 197 3260 so
219 3219 314 3274 ernon,
332 3208 364 3258 ut
381 3203 461 3272 infra
478 3221 501 3262 c.
520 3209 558 3262 38
575 3211 602 3262 et
618 3205 728 3262 seu-r.
743 3222 769 3262 o.
788 3204 962 3278 (diesiongos
984 3207 1123 3275 rhemon).

105 3283 140 3330 14
158 3274 199 3330 sic
217 3291 268 3330 om.
286 3291 309 3330 o.
417 3275 522 3331 cacabo
540 3307 575 3318 -
592 3276 696 3348 ergillo
711 3278 777 3344 (aio)
801 3293 829 3332 c:
859 3277 980 3332 caccabo
1003 3277 1124 3332 infusam

102 3348 156 3414 (eie
177 3348 290 3414 iterum)
312 3349 343 3402 et
364 3345 462 3402 addita
485 3348 633 3418 coperculo
655 3347 759 3420 argilla
782 3346 889 3404 circum
910 3347 1002 3404 linies.
1043 3350 1074 3403 ei
1094 3348 1125 3403 in

102 3417 187 3472 furno
210 3417 365 3473 combures.
398 3417 512 3488 (dehinc
528 3418 588 3486 eto.)
601 3436 633 3491 p.
744 3425 776 3474 17
801 3418 947 3487 broborc,
971 3418 1125 3488 tumbosp

103 3488 244 3560 (trumboe
252 3492 307 3558 12⁰).
375 3495 407 3546 18
422 3505 493 3545 oso:
507 3488 599 3560 hosp.
663 3506 710 3548 ex:
725 3495 803 3547 etex
817 3503 859 3560 ῳ.
928 3490 1068 3546 melotide
1082 3506 1124 3560 cp.
