<?xml version="1.0" encoding="UTF-8"?>
<!DOCTYPE html PUBLIC "-//W3C//DTD XHTML 1.0 Transitional//EN"
    "http://www.w3.org/TR/xhtml1/DTD/xhtml1-transitional.dtd">
<html xmlns="http://www.w3.org/1999/xhtml" xml:lang="en" lang="en">
 <head>
  <title>
</title>
<meta http-equiv="Content-Type" content="text/html;charset=utf-8" />
  <meta name='ocr-system' content='tesseract 3.04.00' />
  <meta name='ocr-capabilities' content='ocr_page ocr_carea ocr_par ocr_line ocrx_word'/>
</head>
<body>
  <div class='ocr_page' id='page_1' title='image "./cassiifelicisde02rosegoog_0127.png"; bbox 0 0 2512 3908; ppageno 0'>
   <div class='ocr_carea' id='block_1_1' title="bbox 519 182 759 285">
    <p class='ocr_par' dir='ltr' id='par_1_1' title="bbox 519 182 759 285">
     <span class='ocr_line' id='line_1_1' title="bbox 519 182 759 285; baseline -0.008 -52"><span class='ocrx_word' id='word_1_1' title='bbox 519 182 759 285; x_wconf 41' lang='lat'>..10¹8-</span> 
     </span>
    </p>
   </div>
   <div class='ocr_carea' id='block_1_2' title="bbox 41 325 1146 2342">
    <p class='ocr_par' dir='ltr' id='par_1_2' title="bbox 41 325 1146 2342">
     <span class='ocr_line' id='line_1_2' title="bbox 132 325 1146 412; baseline -0.006 -19"><span class='ocrx_word' id='word_1_2' title='bbox 132 332 223 393; x_wconf 88' lang='lat' dir='ltr'><strong>lacies</strong></span> <span class='ocrx_word' id='word_1_3' title='bbox 255 340 286 392; x_wconf 91' lang='lat' dir='ltr'><strong>et</strong></span> <span class='ocrx_word' id='word_1_4' title='bbox 317 333 349 390; x_wconf 93' lang='lat' dir='ltr'><strong>in</strong></span> <span class='ocrx_word' id='word_1_5' title='bbox 381 327 457 387; x_wconf 89' lang='lat' dir='ltr'><strong>lanis</strong></span> <span class='ocrx_word' id='word_1_6' title='bbox 489 325 642 388; x_wconf 84' lang='lat' dir='ltr'><strong>redactum</strong></span> <span class='ocrx_word' id='word_1_7' title='bbox 678 328 804 408; x_wconf 85' lang='lat' dir='ltr'><strong>patienti</strong></span> <span class='ocrx_word' id='word_1_8' title='bbox 836 326 902 387; x_wconf 93' lang='lat' dir='ltr'><strong>loco</strong></span> <span class='ocrx_word' id='word_1_9' title='bbox 933 346 1081 412; x_wconf 89' lang='lat' dir='ltr'><strong>appones,</strong></span> <span class='ocrx_word' id='word_1_10' title='bbox 1117 335 1146 388; x_wconf 92' lang='lat' dir='ltr'><strong>et</strong></span> 
     </span>
     <span class='ocr_line' id='line_1_3' title="bbox 131 418 452 479; baseline -0.009 0"><span class='ocrx_word' id='word_1_11' title='bbox 131 418 277 479; x_wconf 88' lang='lat' dir='ltr'><strong>iasciabis.</strong></span> <span class='ocrx_word' id='word_1_12' title='bbox 450 418 452 422; x_wconf 81' lang='grc'><strong>’</strong></span> 
     </span>
     <span class='ocr_line' id='line_1_4' title="bbox 220 500 1146 584; baseline 0 -20"><span class='ocrx_word' id='word_1_13' title='bbox 220 503 299 564; x_wconf 91' lang='lat' dir='ltr'><strong>aliud</strong></span> <span class='ocrx_word' id='word_1_14' title='bbox 337 502 532 584; x_wconf 87' lang='lat' dir='ltr'><strong>spleneticum</strong></span> <span class='ocrx_word' id='word_1_15' title='bbox 569 501 817 563; x_wconf 77' lang='lat' dir='ltr'><strong>medicamentum</strong></span> <span class='ocrx_word' id='word_1_16' title='bbox 852 500 1083 566; x_wconf 86' lang='lat' dir='ltr'><strong>desiccatorium</strong></span> <span class='ocrx_word' id='word_1_17' title='bbox 1116 513 1146 565; x_wconf 88' lang='lat' dir='ltr'><strong>et</strong></span> 
     </span>
     <span class='ocr_line' id='line_1_5' title="bbox 131 589 1144 673; baseline 0.002 -21"><span class='ocrx_word' id='word_1_18' title='bbox 131 592 378 654; x_wconf 81' lang='lat' dir='ltr'><strong>confortatorinm</strong></span> <span class='ocrx_word' id='word_1_19' title='bbox 410 593 448 654; x_wconf 88' lang='lat' dir='ltr'><strong>ad</strong></span> <span class='ocrx_word' id='word_1_20' title='bbox 479 591 592 673; x_wconf 88' lang='lat' dir='ltr'><strong>splenis</strong></span> <span class='ocrx_word' id='word_1_21' title='bbox 622 589 806 654; x_wconf 68' lang='lat' dir='ltr'><strong>debilitatem</strong></span> <span class='ocrx_word' id='word_1_22' title='bbox 836 607 872 651; x_wconf 86' lang='lat' dir='ltr'><strong>er</strong></span> <span class='ocrx_word' id='word_1_23' title='bbox 902 589 1054 653; x_wconf 84' lang='lat' dir='ltr'><strong>infusione</strong></span> <span class='ocrx_word' id='word_1_24' title='bbox 1090 592 1144 654; x_wconf 94' lang='lat' dir='ltr'><strong>hu·</strong></span> 
     </span>
     <span class='ocr_line' id='line_1_6' title="bbox 103 678 1145 764; baseline 0.005 -29"><span class='ocrx_word' id='word_1_25' title='bbox 103 678 236 764; x_wconf 77' lang='lat' dir='ltr'><strong>umoris,</strong></span> <span class='ocrx_word' id='word_1_26' title='bbox 268 681 437 743; x_wconf 77' lang='lat' dir='ltr'><strong>aGraecis</strong></span> <span class='ocrx_word' id='word_1_27' title='bbox 469 681 614 744; x_wconf 90' lang='lat' dir='ltr'><strong>cedrinon</strong></span> <span class='ocrx_word' id='word_1_28' title='bbox 645 678 833 761; x_wconf 84' lang='lat' dir='ltr'><strong>appellatum.</strong></span> <span class='ocrx_word' id='word_1_29' title='bbox 879 679 987 757; x_wconf 83' lang='lat' dir='ltr'><strong>recipit</strong></span> <span class='ocrx_word' id='word_1_30' title='bbox 1017 679 1145 760; x_wconf 84' lang='lat' dir='ltr'><strong>cedriae,</strong></span> 
     </span>
     <span class='ocr_line' id='line_1_7' title="bbox 129 764 1145 851; baseline -0.003 -22"><span class='ocrx_word' id='word_1_31' title='bbox 129 771 306 832; x_wconf 80' lang='lat' dir='ltr'><strong>ammoniaci</strong></span> <span class='ocrx_word' id='word_1_32' title='bbox 333 778 435 850; x_wconf 86' lang='lat' dir='ltr'><strong>guttae</strong></span> <span class='ocrx_word' id='word_1_33' title='bbox 463 772 567 832; x_wconf 88' lang='lat' dir='ltr'><strong>uncias</strong></span> <span class='ocrx_word' id='word_1_34' title='bbox 594 787 695 851; x_wconf 86' lang='lat' dir='ltr'><strong>senas,</strong></span> <span class='ocrx_word' id='word_1_35' title='bbox 720 771 844 831; x_wconf 86' lang='lat' dir='ltr'><strong>resinae</strong></span> <span class='ocrx_word' id='word_1_36' title='bbox 873 767 966 829; x_wconf 77' lang='lat' dir='ltr'><strong>frixae</strong></span> <span class='ocrx_word' id='word_1_37' title='bbox 989 764 1096 827; x_wconf 88' lang='lat' dir='ltr'><strong>libram</strong></span> <span class='ocrx_word' id='word_1_38' title='bbox 1122 766 1145 848; x_wconf 72' lang='lat' dir='ltr'><strong>l,</strong></span> 
     </span>
     <span class='ocr_line' id='line_1_8' title="bbox 41 857 1146 939; baseline -0.001 -23"><span class='ocrx_word' id='word_1_39' title='bbox 41 917 48 929; x_wconf 72' lang='grc'><strong><em>,</em></strong></span> <span class='ocrx_word' id='word_1_40' title='bbox 129 860 353 939; x_wconf 80' lang='lat' dir='ltr'><strong>auripigmenti,</strong></span> <span class='ocrx_word' id='word_1_41' title='bbox 375 858 514 918; x_wconf 86' lang='lat' dir='ltr'><strong>aluminis</strong></span> <span class='ocrx_word' id='word_1_42' title='bbox 536 859 637 938; x_wconf 87' lang='lat' dir='ltr'><strong>scissi,</strong></span> <span class='ocrx_word' id='word_1_43' title='bbox 663 857 723 918; x_wconf 92' lang='lat' dir='ltr'><strong>olei</strong></span> <span class='ocrx_word' id='word_1_44' title='bbox 744 859 870 937; x_wconf 87' lang='lat' dir='ltr'><strong>veteris,</strong></span> <span class='ocrx_word' id='word_1_45' title='bbox 895 857 1029 918; x_wconf 92' lang='lat' dir='ltr'><strong>omnium</strong></span> <span class='ocrx_word' id='word_1_46' title='bbox 1052 857 1146 917; x_wconf 86' lang='lat' dir='ltr'><strong>trium</strong></span> 
     </span>
     <span class='ocr_line' id='line_1_9' title="bbox 129 942 1100 1025; baseline 0.003 -22"><span class='ocrx_word' id='word_1_47' title='bbox 129 947 233 1004; x_wconf 87' lang='lat' dir='ltr'><strong>uncias</strong></span> <span class='ocrx_word' id='word_1_48' title='bbox 256 945 387 1024; x_wconf 90' lang='lat' dir='ltr'><strong>singulas</strong></span> <span class='ocrx_word' id='word_1_49' title='bbox 410 953 442 1005; x_wconf 92' lang='lat' dir='ltr'><strong>et</strong></span> <span class='ocrx_word' id='word_1_50' title='bbox 463 942 569 1025; x_wconf 90' lang='lat' dir='ltr'><strong>semis,</strong></span> <span class='ocrx_word' id='word_1_51' title='bbox 591 946 668 1005; x_wconf 85' lang='lat' dir='ltr'><strong>aceti</strong></span> <span class='ocrx_word' id='word_1_52' title='bbox 689 946 814 1005; x_wconf 72' lang='lat' dir='ltr'><strong>aemonis</strong></span> <span class='ocrx_word' id='word_1_53' title='bbox 836 944 916 1023; x_wconf 88' lang='lat' dir='ltr'><strong>quod</strong></span> <span class='ocrx_word' id='word_1_54' title='bbox 939 945 1100 1006; x_wconf 78' lang='lat' dir='ltr'><strong>suffecerit</strong></span> 
     </span>
     <span class='ocr_line' id='line_1_10' title="bbox 217 1030 1144 1113; baseline 0.002 -21"><span class='ocrx_word' id='word_1_55' title='bbox 217 1031 298 1092; x_wconf 91' lang='lat' dir='ltr'><strong>aliud</strong></span> <span class='ocrx_word' id='word_1_56' title='bbox 307 1031 344 1092; x_wconf 87' lang='lat' dir='ltr'><strong>ad</strong></span> <span class='ocrx_word' id='word_1_57' title='bbox 358 1034 567 1094; x_wconf 81' lang='lat' dir='ltr'><strong>ventositatem</strong></span> <span class='ocrx_word' id='word_1_58' title='bbox 580 1031 700 1112; x_wconf 88' lang='lat' dir='ltr'><strong>splenis.</strong></span> <span class='ocrx_word' id='word_1_59' title='bbox 723 1030 896 1111; x_wconf 84' lang='lat' dir='ltr'><strong>epithimute</strong></span> <span class='ocrx_word' id='word_1_60' title='bbox 909 1030 958 1092; x_wconf 84' lang='lat' dir='ltr'><strong>dia</strong></span> <span class='ocrx_word' id='word_1_61' title='bbox 971 1042 1144 1113; x_wconf 86' lang='lat' dir='ltr'><strong>spermaton</strong></span> 
     </span>
     <span class='ocr_line' id='line_1_11' title="bbox 89 1118 1144 1201; baseline 0.004 -21"><span class='ocrx_word' id='word_1_62' title='bbox 89 1132 115 1173; x_wconf 85' lang='lat'><strong>1⁰</strong></span> <span class='ocrx_word' id='word_1_63' title='bbox 129 1127 181 1181; x_wconf 90' lang='lat' dir='ltr'><strong>aut</strong></span> <span class='ocrx_word' id='word_1_64' title='bbox 203 1119 251 1182; x_wconf 94' lang='lat' dir='ltr'><strong>dia</strong></span> <span class='ocrx_word' id='word_1_65' title='bbox 274 1139 414 1183; x_wconf 90' lang='lat' dir='ltr'><strong>samsueu</strong></span> <span class='ocrx_word' id='word_1_66' title='bbox 435 1124 533 1183; x_wconf 90' lang='lat' dir='ltr'><strong>uteris</strong></span> <span class='ocrx_word' id='word_1_67' title='bbox 555 1121 696 1201; x_wconf 89' lang='lat' dir='ltr'><strong>superius</strong></span> <span class='ocrx_word' id='word_1_68' title='bbox 718 1118 755 1181; x_wconf 83' lang='lat' dir='ltr'><strong>ad</strong></span> <span class='ocrx_word' id='word_1_69' title='bbox 777 1120 983 1182; x_wconf 81' lang='lat' dir='ltr'><strong>ventositatem</strong></span> <span class='ocrx_word' id='word_1_70' title='bbox 1006 1123 1069 1183; x_wconf 87' lang='lat' dir='ltr'><strong>sive</strong></span> <span class='ocrx_word' id='word_1_71' title='bbox 1098 1124 1144 1184; x_wconf 90' lang='lat' dir='ltr'><strong>iu·</strong></span> 
     </span>
     <span class='ocr_line' id='line_1_12' title="bbox 127 1207 867 1291; baseline 0.004 -23"><span class='ocrx_word' id='word_1_72' title='bbox 127 1207 278 1271; x_wconf 84' lang='lat' dir='ltr'><strong>dationem</strong></span> <span class='ocrx_word' id='word_1_73' title='bbox 301 1209 447 1272; x_wconf 83' lang='lat' dir='ltr'><strong>stomachi</strong></span> <span class='ocrx_word' id='word_1_74' title='bbox 469 1211 599 1291; x_wconf 89' lang='lat' dir='ltr'><strong>scriptis.</strong></span> <span class='ocrx_word' id='word_1_75' title='bbox 616 1229 631 1256; x_wconf 79' lang='grc'><strong>-’</strong></span> <span class='ocrx_word' id='word_1_76' title='bbox 754 1207 781 1262; x_wconf 71' lang='lat'><strong>{³2</strong></span> <span class='ocrx_word' id='word_1_77' title='bbox 865 1244 867 1249; x_wconf 17' lang='grc' dir='ltr'>η</span> 
     </span>
     <span class='ocr_line' id='line_1_13' title="bbox 216 1295 1144 1380; baseline 0.001 -22"><span class='ocrx_word' id='word_1_78' title='bbox 216 1296 296 1358; x_wconf 87' lang='lat' dir='ltr'><strong>aliud</strong></span> <span class='ocrx_word' id='word_1_79' title='bbox 315 1298 352 1359; x_wconf 89' lang='lat' dir='ltr'><strong>ad</strong></span> <span class='ocrx_word' id='word_1_80' title='bbox 369 1299 511 1360; x_wconf 87' lang='lat' dir='ltr'><strong>duritiam</strong></span> <span class='ocrx_word' id='word_1_81' title='bbox 529 1297 642 1378; x_wconf 86' lang='lat' dir='ltr'><strong>splenis</strong></span> <span class='ocrx_word' id='word_1_82' title='bbox 659 1296 706 1358; x_wconf 83' lang='lat' dir='ltr'><strong>rel</strong></span> <span class='ocrx_word' id='word_1_83' title='bbox 723 1299 908 1380; x_wconf 73' lang='lat' dir='ltr'><strong>serietatem,</strong></span> <span class='ocrx_word' id='word_1_84' title='bbox 928 1313 1017 1376; x_wconf 64' lang='lat' dir='ltr'><strong>mam</strong></span> <span class='ocrx_word' id='word_1_85' title='bbox 1034 1295 1144 1359; x_wconf 86' lang='lat' dir='ltr'><strong>Graeci</strong></span> 
     </span>
     <span class='ocr_line' id='line_1_14' title="bbox 127 1382 1145 1465; baseline 0.001 -20"><span class='ocrx_word' id='word_1_86' title='bbox 127 1386 270 1446; x_wconf 80' lang='lat' dir='ltr'><strong>sciurosin</strong></span> <span class='ocrx_word' id='word_1_87' title='bbox 313 1386 427 1448; x_wconf 90' lang='lat' dir='ltr'><strong>dicunt.</strong></span> <span class='ocrx_word' id='word_1_88' title='bbox 484 1385 629 1464; x_wconf 80' lang='lat' dir='ltr'><strong>malagma</strong></span> <span class='ocrx_word' id='word_1_89' title='bbox 647 1382 855 1464; x_wconf 77' lang='lat' dir='ltr'><strong>-hmpthaonis</strong></span> <span class='ocrx_word' id='word_1_90' title='bbox 894 1402 1025 1465; x_wconf 88' lang='lat' dir='ltr'><strong>appones</strong></span> <span class='ocrx_word' id='word_1_91' title='bbox 1061 1386 1145 1465; x_wconf 88' lang='lat' dir='ltr'><strong>qnod</strong></span> 
     </span>
     <span class='ocr_line' id='line_1_15' title="bbox 126 1472 899 1553; baseline -0.003 -21"><span class='ocrx_word' id='word_1_92' title='bbox 126 1476 266 1552; x_wconf 88' lang='lat' dir='ltr'><strong>superius</strong></span> <span class='ocrx_word' id='word_1_93' title='bbox 289 1473 326 1534; x_wconf 91' lang='lat' dir='ltr'><strong>ad</strong></span> <span class='ocrx_word' id='word_1_94' title='bbox 349 1473 491 1535; x_wconf 85' lang='lat' dir='ltr'><strong>duritiam</strong></span> <span class='ocrx_word' id='word_1_95' title='bbox 514 1472 659 1534; x_wconf 81' lang='lat' dir='ltr'><strong>stomachi</strong></span> <span class='ocrx_word' id='word_1_96' title='bbox 675 1473 874 1553; x_wconf 71' lang='lat' dir='ltr'><strong>scripsimus</strong></span> <span class='ocrx_word' id='word_1_97' title='bbox 896 1524 899 1530; x_wconf 89' lang='lat'><em>.</em></span> 
     </span>
     <span class='ocr_line' id='line_1_16' title="bbox 86 1558 1143 1640; baseline 0.01 -27"><span class='ocrx_word' id='word_1_98' title='bbox 86 1572 112 1613; x_wconf 65' lang='grc' dir='ltr'><strong>ιε</strong></span> <span class='ocrx_word' id='word_1_99' title='bbox 216 1559 295 1620; x_wconf 87' lang='lat' dir='ltr'><strong>aliud</strong></span> <span class='ocrx_word' id='word_1_100' title='bbox 327 1560 363 1620; x_wconf 93' lang='lat' dir='ltr'><strong>ad</strong></span> <span class='ocrx_word' id='word_1_101' title='bbox 396 1561 537 1622; x_wconf 88' lang='lat' dir='ltr'><strong>duritiam</strong></span> <span class='ocrx_word' id='word_1_102' title='bbox 568 1558 688 1640; x_wconf 88' lang='lat' dir='ltr'><strong>splenis.</strong></span> <span class='ocrx_word' id='word_1_103' title='bbox 739 1568 789 1622; x_wconf 87' lang='lat' dir='ltr'><strong>tus</strong></span> <span class='ocrx_word' id='word_1_104' title='bbox 819 1561 984 1630; x_wconf 90' lang='lat' dir='ltr'><strong>masculum</strong></span> <span class='ocrx_word' id='word_1_105' title='bbox 1017 1571 1049 1624; x_wconf 90' lang='lat' dir='ltr'><strong>ct</strong></span> <span class='ocrx_word' id='word_1_106' title='bbox 1080 1580 1143 1624; x_wconf 89' lang='lat' dir='ltr'><strong>am·</strong></span> 
     </span>
     <span class='ocr_line' id='line_1_17' title="bbox 126 1648 1142 1732; baseline 0.005 -25"><span class='ocrx_word' id='word_1_107' title='bbox 126 1649 253 1708; x_wconf 90' lang='lat' dir='ltr'><strong>moniaci</strong></span> <span class='ocrx_word' id='word_1_108' title='bbox 280 1656 395 1728; x_wconf 86' lang='lat' dir='ltr'><strong>guttam</strong></span> <span class='ocrx_word' id='word_1_109' title='bbox 423 1649 540 1728; x_wconf 87' lang='lat' dir='ltr'><strong>aequali</strong></span> <span class='ocrx_word' id='word_1_110' title='bbox 566 1648 699 1730; x_wconf 87' lang='lat' dir='ltr'><strong>pondere</strong></span> <span class='ocrx_word' id='word_1_111' title='bbox 726 1657 807 1711; x_wconf 87' lang='lat' dir='ltr'><strong>teres</strong></span> <span class='ocrx_word' id='word_1_112' title='bbox 833 1649 1004 1732; x_wconf 87' lang='lat' dir='ltr'><strong>diligenter,</strong></span> <span class='ocrx_word' id='word_1_113' title='bbox 1026 1658 1059 1712; x_wconf 91' lang='lat' dir='ltr'><strong>ct</strong></span> <span class='ocrx_word' id='word_1_114' title='bbox 1081 1651 1142 1712; x_wconf 82' lang='lat' dir='ltr'><strong>ire-</strong></span> 
     </span>
     <span class='ocr_line' id='line_1_18' title="bbox 125 1735 1143 1817; baseline 0.005 -22"><span class='ocrx_word' id='word_1_115' title='bbox 125 1744 255 1813; x_wconf 87' lang='lat' dir='ltr'><strong>quenter</strong></span> <span class='ocrx_word' id='word_1_116' title='bbox 286 1755 394 1799; x_wconf 91' lang='lat' dir='ltr'><strong>sucum</strong></span> <span class='ocrx_word' id='word_1_117' title='bbox 429 1739 630 1817; x_wconf 84' lang='lat' dir='ltr'><strong>supermittes</strong></span> <span class='ocrx_word' id='word_1_118' title='bbox 659 1735 778 1799; x_wconf 91' lang='lat' dir='ltr'><strong>coliculi</strong></span> <span class='ocrx_word' id='word_1_119' title='bbox 808 1755 846 1799; x_wconf 87' lang='lat' dir='ltr'><strong>ex</strong></span> <span class='ocrx_word' id='word_1_120' title='bbox 881 1737 959 1799; x_wconf 82' lang='lat' dir='ltr'><strong>toliis</strong></span> <span class='ocrx_word' id='word_1_121' title='bbox 995 1737 1143 1801; x_wconf 84' lang='lat' dir='ltr'><strong>viridibus</strong></span> 
     </span>
     <span class='ocr_line' id='line_1_19' title="bbox 124 1823 1144 1908; baseline 0.007 -25"><span class='ocrx_word' id='word_1_122' title='bbox 124 1840 301 1903; x_wconf 83' lang='lat' dir='ltr'><strong>expressum</strong></span> <span class='ocrx_word' id='word_1_123' title='bbox 332 1835 368 1885; x_wconf 90' lang='lat' dir='ltr'><strong>ut</strong></span> <span class='ocrx_word' id='word_1_124' title='bbox 405 1824 568 1887; x_wconf 83' lang='lat' dir='ltr'><strong>efficiatur·</strong></span> <span class='ocrx_word' id='word_1_125' title='bbox 588 1826 621 1885; x_wconf 91' lang='lat' dir='ltr'><strong>in</strong></span> <span class='ocrx_word' id='word_1_126' title='bbox 652 1823 878 1887; x_wconf 87' lang='lat' dir='ltr'><strong>similitudinem</strong></span> <span class='ocrx_word' id='word_1_127' title='bbox 908 1826 1073 1908; x_wconf 77' lang='lat' dir='ltr'><strong>emplastri,</strong></span> <span class='ocrx_word' id='word_1_128' title='bbox 1109 1837 1144 1890; x_wconf 86' lang='lat' dir='ltr'><strong>et</strong></span> 
     </span>
     <span class='ocr_line' id='line_1_20' title="bbox 123 1910 1019 1994; baseline 0.006 -24"><span class='ocrx_word' id='word_1_129' title='bbox 123 1910 280 1972; x_wconf 90' lang='lat' dir='ltr'><strong>inductum</strong></span> <span class='ocrx_word' id='word_1_130' title='bbox 302 1914 334 1973; x_wconf 92' lang='lat' dir='ltr'><strong>in</strong></span> <span class='ocrx_word' id='word_1_131' title='bbox 358 1912 461 1974; x_wconf 84' lang='lat' dir='ltr'><strong>charta</strong></span> <span class='ocrx_word' id='word_1_132' title='bbox 482 1912 530 1975; x_wconf 86' lang='lat' dir='ltr'><strong>vel</strong></span> <span class='ocrx_word' id='word_1_133' title='bbox 552 1911 632 1974; x_wconf 84' lang='lat' dir='ltr'><strong>aluta</strong></span> <span class='ocrx_word' id='word_1_134' title='bbox 653 1911 751 1993; x_wconf 87' lang='lat' dir='ltr'><strong>spleni</strong></span> <span class='ocrx_word' id='word_1_135' title='bbox 772 1930 912 1994; x_wconf 87' lang='lat' dir='ltr'><strong>appones.</strong></span> <span class='ocrx_word' id='word_1_136' title='bbox 959 1932 985 1962; x_wconf 62' lang='lat'>2</span> <span class='ocrx_word' id='word_1_137' title='bbox 1017 1941 1019 1944; x_wconf 45' lang='lat'><em>⁴</em></span> 
     </span>
     <span class='ocr_line' id='line_1_21' title="bbox 83 1996 1142 2083; baseline 0.011 -29"><span class='ocrx_word' id='word_1_138' title='bbox 83 2013 110 2053; x_wconf 77' lang='lat' dir='ltr'><strong>eo</strong></span> <span class='ocrx_word' id='word_1_139' title='bbox 214 2003 328 2061; x_wconf 90' lang='lat' dir='ltr'><strong>sivero</strong></span> <span class='ocrx_word' id='word_1_140' title='bbox 352 2003 383 2060; x_wconf 92' lang='lat' dir='ltr'><strong>in</strong></span> <span class='ocrx_word' id='word_1_141' title='bbox 401 1999 588 2080; x_wconf 79' lang='lat' dir='ltr'><strong>aegritudine</strong></span> <span class='ocrx_word' id='word_1_142' title='bbox 607 1996 680 2062; x_wconf 75' lang='lat' dir='ltr'><strong>&#39;cnm</strong></span> <span class='ocrx_word' id='word_1_143' title='bbox 701 2000 786 2063; x_wconf 81' lang='lat' dir='ltr'><strong>febre</strong></span> <span class='ocrx_word' id='word_1_144' title='bbox 803 2010 891 2064; x_wconf 91' lang='lat' dir='ltr'><strong>acuta</strong></span> <span class='ocrx_word' id='word_1_145' title='bbox 912 2003 1004 2063; x_wconf 86' lang='lat' dir='ltr'><strong>fuerit</strong></span> <span class='ocrx_word' id='word_1_146' title='bbox 1026 2003 1142 2083; x_wconf 91' lang='lat' dir='ltr'><strong>splenis</strong></span> 
     </span>
     <span class='ocr_line' id='line_1_22' title="bbox 123 2087 1141 2170; baseline 0.005 -24"><span class='ocrx_word' id='word_1_147' title='bbox 123 2089 270 2168; x_wconf 86' lang='lat' dir='ltr'><strong>causatio,</strong></span> <span class='ocrx_word' id='word_1_148' title='bbox 299 2087 397 2149; x_wconf 86' lang='lat' dir='ltr'><strong>trihus</strong></span> <span class='ocrx_word' id='word_1_149' title='bbox 419 2087 526 2149; x_wconf 86' lang='lat' dir='ltr'><strong>diebus</strong></span> <span class='ocrx_word' id='word_1_150' title='bbox 549 2087 773 2169; x_wconf 85' lang='lat' dir='ltr'><strong>cataplasmahis</strong></span> <span class='ocrx_word' id='word_1_151' title='bbox 795 2107 831 2150; x_wconf 85' lang='lat' dir='ltr'><strong>ex</strong></span> <span class='ocrx_word' id='word_1_152' title='bbox 853 2090 933 2151; x_wconf 85' lang='lat' dir='ltr'><strong>lacni</strong></span> <span class='ocrx_word' id='word_1_153' title='bbox 953 2093 1053 2168; x_wconf 88' lang='lat' dir='ltr'><strong>graeci</strong></span> <span class='ocrx_word' id='word_1_154' title='bbox 1074 2090 1141 2170; x_wconf 90' lang='lat' dir='ltr'><strong>pol-</strong></span> 
     </span>
     <span class='ocr_line' id='line_1_23' title="bbox 122 2173 1141 2258; baseline 0.007 -24"><span class='ocrx_word' id='word_1_155' title='bbox 122 2173 182 2235; x_wconf 88' lang='lat' dir='ltr'><strong>line</strong></span> <span class='ocrx_word' id='word_1_156' title='bbox 211 2183 241 2236; x_wconf 88' lang='lat' dir='ltr'><strong>et</strong></span> <span class='ocrx_word' id='word_1_157' title='bbox 267 2174 373 2237; x_wconf 79' lang='lat' dir='ltr'><strong>hordei</strong></span> <span class='ocrx_word' id='word_1_158' title='bbox 400 2175 537 2255; x_wconf 88' lang='lat' dir='ltr'><strong>partibus</strong></span> <span class='ocrx_word' id='word_1_159' title='bbox 564 2176 699 2256; x_wconf 86' lang='lat' dir='ltr'><strong>singulis</strong></span> <span class='ocrx_word' id='word_1_160' title='bbox 717 2185 748 2238; x_wconf 90' lang='lat' dir='ltr'><strong>et</strong></span> <span class='ocrx_word' id='word_1_161' title='bbox 773 2176 827 2238; x_wconf 91' lang='lat' dir='ltr'><strong>lini</strong></span> <span class='ocrx_word' id='word_1_162' title='bbox 854 2179 974 2239; x_wconf 88' lang='lat' dir='ltr'><strong>seminis</strong></span> <span class='ocrx_word' id='word_1_163' title='bbox 1001 2178 1141 2258; x_wconf 88' lang='lat' dir='ltr'><strong>partibus</strong></span> 
     </span>
     <span class='ocr_line' id='line_1_24' title="bbox 122 2261 1139 2342; baseline 0.008 -21"><span class='ocrx_word' id='word_1_164' title='bbox 122 2261 238 2323; x_wconf 89' lang='lat' dir='ltr'><strong>duabus</strong></span> <span class='ocrx_word' id='word_1_165' title='bbox 266 2282 336 2324; x_wconf 91' lang='lat' dir='ltr'><strong>cum</strong></span> <span class='ocrx_word' id='word_1_166' title='bbox 363 2281 439 2342; x_wconf 87' lang='lat' dir='ltr'><strong>aqua</strong></span> <span class='ocrx_word' id='word_1_167' title='bbox 465 2273 497 2325; x_wconf 91' lang='lat' dir='ltr'><strong>et</strong></span> <span class='ocrx_word' id='word_1_168' title='bbox 525 2282 656 2341; x_wconf 86' lang='lat' dir='ltr'><strong>rosaceo.</strong></span> <span class='ocrx_word' id='word_1_169' title='bbox 675 2273 706 2326; x_wconf 91' lang='lat' dir='ltr'><strong>et</strong></span> <span class='ocrx_word' id='word_1_170' title='bbox 728 2265 844 2327; x_wconf 92' lang='lat' dir='ltr'><strong>modico</strong></span> <span class='ocrx_word' id='word_1_171' title='bbox 867 2265 954 2326; x_wconf 92' lang='lat' dir='ltr'><strong>melle</strong></span> <span class='ocrx_word' id='word_1_172' title='bbox 969 2270 1139 2329; x_wconf 86' lang='lat' dir='ltr'><strong>concoctis.</strong></span> 
     </span>
    </p>
   </div>
   <div class='ocr_carea' id='block_1_3' title="bbox 97 2415 1183 3491">
    <p class='ocr_par' dir='ltr' id='par_1_3' title="bbox 97 2380 1183 3491">
     <span class='ocr_line' id='line_1_25' title="bbox 195 2415 1139 2490; baseline 0.007 -21"><span class='ocrx_word' id='word_1_173' title='bbox 195 2415 297 2470; x_wconf 83' lang='lat' dir='ltr'><strong>lienis</strong></span> <span class='ocrx_word' id='word_1_174' title='bbox 312 2431 335 2484; x_wconf 79' lang='lat' dir='ltr'><strong>c,</strong></span> <span class='ocrx_word' id='word_1_175' title='bbox 349 2415 465 2486; x_wconf 79' lang='lat' dir='ltr'><strong>letusp.</strong></span> <span class='ocrx_word' id='word_1_176' title='bbox 536 2415 682 2473; x_wconf 66' lang='grc' dir='ltr'><strong>ιοᾶωιαιη</strong></span> <span class='ocrx_word' id='word_1_177' title='bbox 695 2432 748 2487; x_wconf 78' lang='lat' dir='ltr'><strong>cp.-</strong></span> <span class='ocrx_word' id='word_1_178' title='bbox 805 2432 844 2487; x_wconf 81' lang='lat' dir='ltr'><strong>ap</strong></span> <span class='ocrx_word' id='word_1_179' title='bbox 881 2416 961 2477; x_wconf 85' lang='lat' dir='ltr'><strong>niec.</strong></span> <span class='ocrx_word' id='word_1_180' title='bbox 1002 2417 1015 2451; x_wconf 64' lang='grc' dir='ltr'>Ὺ</span> <span class='ocrx_word' id='word_1_181' title='bbox 1032 2419 1139 2490; x_wconf 69' lang='lat' dir='ltr'><strong>asple-</strong></span> 
     </span>
     <span class='ocr_line' id='line_1_26' title="bbox 120 2484 1183 2559; baseline 0.006 -21"><span class='ocrx_word' id='word_1_182' title='bbox 120 2484 234 2541; x_wconf 85' lang='lat' dir='ltr'><strong>neticon</strong></span> <span class='ocrx_word' id='word_1_183' title='bbox 247 2503 270 2556; x_wconf 82' lang='lat' dir='ltr'><strong>p</strong></span> <span class='ocrx_word' id='word_1_184' title='bbox 288 2486 352 2554; x_wconf 81' lang='lat' dir='ltr'><strong>(-c</strong></span> <span class='ocrx_word' id='word_1_185' title='bbox 369 2487 403 2556; x_wconf 89' lang='lat' dir='ltr'><strong>c).</strong></span> <span class='ocrx_word' id='word_1_186' title='bbox 471 2521 475 2529; x_wconf 88' lang='lat'>-</span> <span class='ocrx_word' id='word_1_187' title='bbox 504 2486 743 2544; x_wconf 70' lang='lat' dir='ltr'><strong>emmennone:</strong></span> <span class='ocrx_word' id='word_1_188' title='bbox 762 2487 818 2544; x_wconf 85' lang='lat' dir='ltr'><strong>et&#39;</strong></span> <span class='ocrx_word' id='word_1_189' title='bbox 886 2488 976 2544; x_wconf 85' lang='lat' dir='ltr'><strong>&#39;onem</strong></span> <span class='ocrx_word' id='word_1_190' title='bbox 994 2504 1037 2559; x_wconf 84' lang='lat' dir='ltr'><strong>cp.</strong></span> <span class='ocrx_word' id='word_1_191' title='bbox 1120 2496 1137 2545; x_wconf 77' lang='lat' dir='ltr'><strong>t</strong></span> <span class='ocrx_word' id='word_1_192' title='bbox 1180 2498 1183 2502; x_wconf 85' lang='grc'><strong><em>’</em></strong></span> 
     </span>
     <span class='ocr_line' id='line_1_27' title="bbox 121 2555 1138 2629; baseline 0.005 -19"><span class='ocrx_word' id='word_1_193' title='bbox 121 2555 255 2612; x_wconf 88' lang='lat' dir='ltr'><strong>cedrinon</strong></span> <span class='ocrx_word' id='word_1_194' title='bbox 275 2556 323 2624; x_wconf 78' lang='lat' dir='ltr'><strong>(ef.</strong></span> <span class='ocrx_word' id='word_1_195' title='bbox 345 2555 409 2612; x_wconf 81' lang='lat' dir='ltr'><strong>Gal.</strong></span> <span class='ocrx_word' id='word_1_196' title='bbox 433 2556 541 2626; x_wconf 84' lang='lat' dir='ltr'><strong><em>XIII,</em></strong></span> <span class='ocrx_word' id='word_1_197' title='bbox 557 2561 641 2627; x_wconf 70' lang='lat'><strong><em>219)=</em></strong></span> <span class='ocrx_word' id='word_1_198' title='bbox 667 2555 759 2614; x_wconf 80' lang='lat' dir='ltr'><strong>oltron</strong></span> <span class='ocrx_word' id='word_1_199' title='bbox 779 2575 795 2613; x_wconf 90' lang='lat' dir='ltr'><strong>c</strong></span> <span class='ocrx_word' id='word_1_200' title='bbox 814 2558 924 2625; x_wconf 73' lang='lat' dir='ltr'><strong>(Simon</strong></span> <span class='ocrx_word' id='word_1_201' title='bbox 944 2575 966 2615; x_wconf 85' lang='lat' dir='ltr'><strong>r.</strong></span> <span class='ocrx_word' id='word_1_202' title='bbox 979 2563 1032 2629; x_wconf 72' lang='lat' dir='ltr'><strong>ra),</strong></span> <span class='ocrx_word' id='word_1_203' title='bbox 1056 2559 1138 2615; x_wconf 81' lang='lat' dir='ltr'><strong>eihi·</strong></span> 
     </span>
     <span class='ocr_line' id='line_1_28' title="bbox 120 2627 1136 2711; baseline 0.007 -32"><span class='ocrx_word' id='word_1_204' title='bbox 120 2641 177 2681; x_wconf 91' lang='lat' dir='ltr'><strong>non</strong></span> <span class='ocrx_word' id='word_1_205' title='bbox 186 2643 216 2695; x_wconf 83' lang='lat' dir='ltr'><strong>p.</strong></span> <span class='ocrx_word' id='word_1_206' title='bbox 290 2627 465 2697; x_wconf 79' lang='lat' dir='ltr'><strong>appellatum</strong></span> <span class='ocrx_word' id='word_1_207' title='bbox 483 2643 511 2684; x_wconf 89' lang='lat' dir='ltr'><strong>c:</strong></span> <span class='ocrx_word' id='word_1_208' title='bbox 531 2629 613 2685; x_wconf 84' lang='lat' dir='ltr'><strong>—tur</strong></span> <span class='ocrx_word' id='word_1_209' title='bbox 625 2640 657 2699; x_wconf 84' lang='lat' dir='ltr'><strong>p&#39;.</strong></span> <span class='ocrx_word' id='word_1_210' title='bbox 712 2629 810 2700; x_wconf 62' lang='lat' dir='ltr'><strong>”litae</strong></span> <span class='ocrx_word' id='word_1_211' title='bbox 880 2629 1003 2711; x_wconf 64' lang='lat' dir='ltr'><strong>cedrinos</strong></span> <span class='ocrx_word' id='word_1_212' title='bbox 1029 2646 1136 2702; x_wconf 84' lang='lat' dir='ltr'><strong>ceree,</strong></span> 
     </span>
     <span class='ocr_line' id='line_1_29' title="bbox 97 2705 1134 2787; baseline 0.005 -18"><span class='ocrx_word' id='word_1_213' title='bbox 97 2705 199 2783; x_wconf 63' lang='lat' dir='ltr'><strong>dep.</strong></span> <span class='ocrx_word' id='word_1_214' title='bbox 273 2714 698 2786; x_wconf 56' lang='lat' dir='ltr'><strong>cesaraeae-Vin</strong></span> <span class='ocrx_word' id='word_1_215' title='bbox 783 2715 1030 2787; x_wconf 85' lang='lat' dir='ltr'><strong>lb&#39;Le,l’l.p.</strong></span> <span class='ocrx_word' id='word_1_216' title='bbox 1118 2724 1134 2774; x_wconf 81' lang='lat' dir='ltr'><strong>‘t</strong></span> 
     </span>
     <span class='ocr_line' id='line_1_30' title="bbox 120 2785 1135 2870; baseline 0.005 -31"><span class='ocrx_word' id='word_1_217' title='bbox 120 2785 827 2870; x_wconf 54' lang='lat' dir='ltr'><strong>0.n‚}snguusoenemue=m.†1.sp.</strong></span> <span class='ocrx_word' id='word_1_218' title='bbox 933 2788 1135 2870; x_wconf 76' lang='lat' dir='ltr'><strong>tlsnfficitcp.</strong></span> 
     </span>
     <span class='ocr_line' id='line_1_31' title="bbox 119 2855 1133 2942; baseline 0.005 -33"><span class='ocrx_word' id='word_1_219' title='bbox 119 2861 139 2937; x_wconf 42' lang='lat'><strong>9·</strong></span> <span class='ocrx_word' id='word_1_220' title='bbox 155 2855 293 2924; x_wconf 79' lang='lat' dir='ltr'><strong>epithima</strong></span> <span class='ocrx_word' id='word_1_221' title='bbox 311 2874 338 2926; x_wconf 88' lang='lat' dir='ltr'><strong>c,</strong></span> <span class='ocrx_word' id='word_1_222' title='bbox 357 2855 482 2913; x_wconf 79' lang='lat' dir='ltr'><strong>-ih&#39;ste</strong></span> <span class='ocrx_word' id='word_1_223' title='bbox 495 2873 528 2939; x_wconf 78' lang='lat' dir='ltr'><strong>p.</strong></span> <span class='ocrx_word' id='word_1_224' title='bbox 614 2863 648 2913; x_wconf 85' lang='lat' dir='ltr'><strong>ro</strong></span> <span class='ocrx_word' id='word_1_225' title='bbox 666 2856 830 2940; x_wconf 52' lang='lat' dir='ltr'><strong>&amp;geneceo</strong></span> <span class='ocrx_word' id='word_1_226' title='bbox 847 2873 889 2928; x_wconf 78' lang='lat' dir='ltr'><strong>cp.</strong></span> <span class='ocrx_word' id='word_1_227' title='bbox 977 2858 1133 2942; x_wconf 75' lang='lat' dir='ltr'><strong>mllamma·</strong></span> 
     </span>
     <span class='ocr_line' id='line_1_32' title="bbox 118 2928 1133 3006; baseline 0.005 -27"><span class='ocrx_word' id='word_1_228' title='bbox 118 2928 224 2981; x_wconf 87' lang='lat' dir='ltr'><strong>honem</strong></span> <span class='ocrx_word' id='word_1_229' title='bbox 249 2943 291 2997; x_wconf 85' lang='lat' dir='ltr'><strong>cp.</strong></span> <span class='ocrx_word' id='word_1_230' title='bbox 402 2933 434 2981; x_wconf 85' lang='lat'><strong>11</strong></span> <span class='ocrx_word' id='word_1_231' title='bbox 458 2930 594 2998; x_wconf 77' lang='lat' dir='ltr'><strong>scriptum</strong></span> <span class='ocrx_word' id='word_1_232' title='bbox 616 2942 645 2997; x_wconf 83' lang='lat' dir='ltr'><strong>e,</strong></span> <span class='ocrx_word' id='word_1_233' title='bbox 667 2929 740 3006; x_wconf 47' lang='lat' dir='ltr'><strong>etas</strong></span> <span class='ocrx_word' id='word_1_234' title='bbox 756 2945 788 2999; x_wconf 82' lang='lat' dir='ltr'><strong>p.</strong></span> <span class='ocrx_word' id='word_1_235' title='bbox 896 2934 929 2984; x_wconf 77' lang='lat'><strong>12</strong></span> <span class='ocrx_word' id='word_1_236' title='bbox 953 2929 1085 2984; x_wconf 80' lang='lat' dir='ltr'><strong>duritiem</strong></span> <span class='ocrx_word' id='word_1_237' title='bbox 1099 2946 1133 3000; x_wconf 78' lang='lat' dir='ltr'><strong>p.</strong></span> 
     </span>
     <span class='ocr_line' id='line_1_33' title="bbox 119 2987 1130 3069; baseline 0.005 -18"><span class='ocrx_word' id='word_1_238' title='bbox 119 2996 285 3053; x_wconf 70' lang='lat' dir='ltr'><strong>rametatem</strong></span> <span class='ocrx_word' id='word_1_239' title='bbox 299 3014 335 3066; x_wconf 86' lang='lat' dir='ltr'><strong>p,</strong></span> <span class='ocrx_word' id='word_1_240' title='bbox 354 2998 520 3054; x_wconf 75' lang='lat' dir='ltr'><strong>sacietatem</strong></span> <span class='ocrx_word' id='word_1_241' title='bbox 538 3014 561 3056; x_wconf 84' lang='lat' dir='ltr'><strong>e.</strong></span> <span class='ocrx_word' id='word_1_242' title='bbox 647 2987 748 3054; x_wconf 72' lang='lat' dir='ltr'><strong>cnoel</strong></span> <span class='ocrx_word' id='word_1_243' title='bbox 764 2998 876 3055; x_wconf 65' lang='lat' dir='ltr'><strong>eddidit</strong></span> <span class='ocrx_word' id='word_1_244' title='bbox 898 3015 949 3057; x_wconf 76' lang='lat' dir='ltr'><strong>om.</strong></span> <span class='ocrx_word' id='word_1_245' title='bbox 968 3015 1010 3069; x_wconf 89' lang='lat' dir='ltr'><strong>ep.</strong></span> <span class='ocrx_word' id='word_1_246' title='bbox 1096 3007 1130 3056; x_wconf 78' lang='lat'><strong>13</strong></span> 
     </span>
     <span class='ocr_line' id='line_1_34' title="bbox 118 3067 1130 3140; baseline 0.004 -18"><span class='ocrx_word' id='word_1_247' title='bbox 118 3067 234 3122; x_wconf 84' lang='lat' dir='ltr'><strong>scirosin</strong></span> <span class='ocrx_word' id='word_1_248' title='bbox 252 3086 279 3122; x_wconf 82' lang='lat' dir='ltr'><strong>c:</strong></span> <span class='ocrx_word' id='word_1_249' title='bbox 299 3067 464 3137; x_wconf 80' lang='lat' dir='ltr'><strong>selirosinp</strong></span> <span class='ocrx_word' id='word_1_250' title='bbox 487 3069 533 3137; x_wconf 73' lang='lat' dir='ltr'><strong>(cs.</strong></span> <span class='ocrx_word' id='word_1_251' title='bbox 551 3067 687 3125; x_wconf 75' lang='lat' dir='ltr'><strong>Simone.</strong></span> <span class='ocrx_word' id='word_1_252' title='bbox 706 3067 846 3138; x_wconf 81' lang='lat' dir='ltr'><strong>scirodes).</strong></span> <span class='ocrx_word' id='word_1_253' title='bbox 935 3069 1089 3124; x_wconf 69' lang='lat' dir='ltr'><strong>emenonis</strong></span> <span class='ocrx_word' id='word_1_254' title='bbox 1107 3087 1130 3140; x_wconf 84' lang='lat' dir='ltr'><strong>c,</strong></span> 
     </span>
     <span class='ocr_line' id='line_1_35' title="bbox 117 3137 1130 3209; baseline 0.006 -18"><span class='ocrx_word' id='word_1_255' title='bbox 117 3137 263 3193; x_wconf 80' lang='lat' dir='ltr'><strong>amitatoie</strong></span> <span class='ocrx_word' id='word_1_256' title='bbox 276 3155 307 3207; x_wconf 82' lang='lat' dir='ltr'><strong>p.</strong></span> <span class='ocrx_word' id='word_1_257' title='bbox 389 3139 510 3209; x_wconf 80' lang='lat' dir='ltr'><strong>epponis</strong></span> <span class='ocrx_word' id='word_1_258' title='bbox 528 3156 551 3196; x_wconf 91' lang='lat' dir='ltr'><strong>e.</strong></span> <span class='ocrx_word' id='word_1_259' title='bbox 642 3144 677 3194; x_wconf 76' lang='lat' dir='ltr'><strong>rt</strong></span> <span class='ocrx_word' id='word_1_260' title='bbox 697 3137 736 3194; x_wconf 74' lang='lat' dir='ltr'><strong>sd</strong></span> <span class='ocrx_word' id='word_1_261' title='bbox 757 3139 896 3195; x_wconf 84' lang='lat' dir='ltr'><strong>stomeehi</strong></span> <span class='ocrx_word' id='word_1_262' title='bbox 917 3138 1049 3195; x_wconf 86' lang='lat' dir='ltr'><strong>duritiem</strong></span> <span class='ocrx_word' id='word_1_263' title='bbox 1067 3157 1130 3197; x_wconf 90' lang='lat' dir='ltr'><strong>con.</strong></span> 
     </span>
     <span class='ocr_line' id='line_1_36' title="bbox 117 3207 1128 3352; baseline 0.005 -20"><span class='ocrx_word' id='word_1_264' title='bbox 117 3207 1019 3352; x_wconf 60' lang='lat' dir='ltr'><strong>⁸⁰tlzl¹t⁰zt1titp⁸0tttt⁰¹m&lt;dn</strong></span> <span class='ocrx_word' id='word_1_265' title='bbox 1036 3216 1128 3352; x_wconf 65' lang='lat' dir='ltr'><strong>ne.</strong></span> 
     </span>
     <span class='ocr_line' id='line_1_37' title="bbox 116 3294 1127 3491; baseline 0.005 -88"><span class='ocrx_word' id='word_1_266' title='bbox 116 3294 404 3491; x_wconf 49' lang='lat' dir='ltr'><strong>{geiogdgieffirtgs</strong></span> <span class='ocrx_word' id='word_1_267' title='bbox 418 3350 442 3404; x_wconf 94' lang='lat' dir='ltr'><strong>ll</strong></span> <span class='ocrx_word' id='word_1_268' title='bbox 458 3366 522 3405; x_wconf 88' lang='lat' dir='ltr'><strong>cnm</strong></span> <span class='ocrx_word' id='word_1_269' title='bbox 536 3366 632 3421; x_wconf 58' lang='lat' dir='ltr'><strong>mun.</strong></span> <span class='ocrx_word' id='word_1_270' title='bbox 648 3394 654 3408; x_wconf 90' lang='lat'><em>.</em></span> <span class='ocrx_word' id='word_1_271' title='bbox 670 3391 677 3406; x_wconf 89' lang='lat'><strong>.</strong></span> <span class='ocrx_word' id='word_1_272' title='bbox 693 3353 754 3420; x_wconf 81' lang='lat' dir='ltr'><strong>(om.</strong></span> <span class='ocrx_word' id='word_1_273' title='bbox 767 3322 895 3422; x_wconf 66' lang='lat' dir='ltr'><strong>partibn&#39;s</strong></span> <span class='ocrx_word' id='word_1_274' title='bbox 913 3381 947 3394; x_wconf 91' lang='lat'>-</span> <span class='ocrx_word' id='word_1_275' title='bbox 966 3352 1091 3422; x_wconf 79' lang='lat' dir='ltr'><strong>seminis)</strong></span> <span class='ocrx_word' id='word_1_276' title='bbox 1104 3369 1127 3409; x_wconf 87' lang='lat' dir='ltr'><strong>c.</strong></span> 
     </span>
    </p>
   </div>
   <div class='ocr_carea' id='block_1_4' title="bbox 0 0 1260 3908">
    <p class='ocr_par' dir='ltr' id='par_1_4' title="bbox 0 0 1260 3908">
     <span class='ocr_line' id='line_1_38' title="bbox 0 0 1260 3908; baseline 0 4"><span class='ocrx_word' id='word_1_277' title='bbox 0 0 1260 3908; x_wconf 95' lang='lat' dir='ltr'><strong> </strong></span> 
     </span>
    </p>
   </div>
  </div>
 </body>
</html>
