2512 3908
433 259 728 334 x-79-

106 422 269 486 granorum
293 405 479 465 minutorum
502 403 642 486 siliginis,
665 406 790 466 maxime
810 406 836 465 si
854 412 885 465 et
904 413 993 485 caput
1011 405 1127 485 linguae

106 492 281 555 obtinuerit.
407 549 409 553 .

195 582 228 640 in
252 580 459 642 curationibus
481 599 553 641 vero
576 582 602 641 si
625 581 746 660 mandis
770 581 862 641 luerit
884 591 918 643 ut
940 602 1031 662 supra
1054 582 1127 644 dixi·

105 688 174 731 mus
197 669 330 731 lancium
356 668 501 730 ulceratio
529 686 600 729 cum
627 686 725 749 scara,
752 677 786 729 ut
809 670 898 729 etiam
922 689 990 731 oum
1016 672 1127 733 rubore

105 757 163 820 sub
186 767 290 820 mento
318 760 349 818 ln
379 757 511 836 gutturis
535 765 619 836 parte
642 757 829 837 ostendatur,
854 776 943 837 quam
966 768 1154 823 antereonas

104 855 225 928 vocant,
259 855 290 906 et
321 847 347 905 si
380 846 473 906 luerit
503 847 530 905 is
562 847 615 924 qui
652 845 806 907 curabitur·
838 855 933 908 aetate
965 847 1126 930 perlectus,

104 936 307 997 ilebotomiam
320 933 463 995 adhibere
483 942 604 1013 oportet
621 936 663 996 ita
681 942 715 995 ut
733 934 894 995 secundam
911 935 1126 997 detractionem

104 1025 210 1103 lacios,
232 1040 323 1101 quam
341 1023 510 1103 epaleresin
532 1031 649 1084 vocant.
685 1031 717 1084 et
739 1027 765 1083 si
783 1032 918 1084 ventrem
938 1041 998 1084 non
1021 1026 1128 1086 iecerit

104 1112 215 1174 acriori
235 1111 363 1191 clystere
382 1110 578 1172 deducendus
597 1113 668 1193 erit,
691 1113 722 1172 in
745 1110 910 1173 infantibus
927 1130 999 1172 vero
1021 1111 1125 1173 balarm

103 1202 210 1262 uteris.
257 1200 367 1261 dehinc
398 1201 473 1279 ipsis
504 1201 580 1260 locis
613 1199 794 1279 patientibus
826 1200 873 1260 dia
901 1200 1007 1261 chartu
1034 1201 1126 1261 medi·
1140 1218 1167 1260 ro

104 1296 275 1350 cementum
297 1287 428 1348 admixto
452 1288 569 1349 modico
594 1287 681 1348 melle
705 1288 821 1349 inlines.
859 1297 889 1349 et
911 1289 1069 1350 sinendum
1093 1298 1127 1350 ut

103 1376 162 1439 sibi
186 1376 329 1438 saniando
348 1394 451 1437 scarae
470 1374 592 1454 cadant,
616 1395 653 1437 ne
672 1376 871 1438 abstractione
890 1377 1010 1438 violenti
1030 1380 1125 1439 emea-

103 1474 154 1527 tus
177 1465 357 1527 emorroidis
380 1474 532 1544 sequatur.
623 1477 627 1486 ·

194 1554 250 1614 alia
273 1553 422 1615 conlectio
446 1552 550 1627 oralis,
573 1571 663 1631 quam
682 1551 788 1615 Graeci
812 1557 987 1617 stomaticen
1010 1561 1125 1637 uocant,

104 1643 218 1704 iaciens
245 1641 282 1702 ad
310 1640 487 1720 putredines
515 1651 547 1702 et
574 1659 683 1702 scaras.
724 1645 864 1704 caninum
893 1645 995 1705 fimum
1027 1643 1166 1704 album'rs

104 1730 228 1811 colliges
255 1737 287 1791 et
314 1730 449 1791 siccabis.
492 1732 525 1790 fit
555 1739 654 1791 autem
683 1730 753 1807 hoc,
782 1734 808 1793 si
835 1750 902 1793 ossa
930 1732 1041 1793 bubula
1064 1732 1125 1793 sola

104 1828 172 1881 ante
192 1820 272 1881 diem
291 1818 338 1879 vel
355 1818 480 1880 biduum
495 1837 585 1880 canes
604 1817 818 1880 manducantes
835 1820 994 1882 custodias.
1026 1823 1125 1901 ipsum

75 2135 78 2146 ¹
176 2084 188 2132 1
207 2093 362 2148 granorum
375 2077 548 2132 minutorum
562 2092 588 2132 c:
607 2077 789 2146 modiorum
802 2078 984 2134 minutiarum
997 2096 1024 2149 9,
1043 2096 1125 2149 gron·

103 2149 183 2204 dium
201 2149 302 2218 (Petr.)
321 2148 495 2202 minutorum
508 2164 540 2217 p.
613 2147 729 2218 filiginis
748 2151 809 2219 (sic)
826 2167 852 2219 9.
920 2157 985 2221 post
1003 2150 1124 2220 siliginis

104 2221 169 2275 odd.
184 2237 221 2290 p:
240 2219 316 2288 quod
334 2223 495 2289 germaium
514 2219 566 2287 (sic
584 2225 648 2274 onte
667 2236 736 2274 corr.
753 2219 923 2290 gremiutum
932 2227 978 2291 2³⁰)
997 2221 1124 2277 dicimus.

104 2296 121 2345 3
141 2289 227 2346 fuerit
246 2321 280 2331 -
299 2288 420 2345 diximus
438 2307 489 2344 ont.
504 2307 535 2359 9.
627 2295 644 2343 4
663 2290 800 2346 ulceratio
818 2289 978 2347 ulcheroret
995 2291 1082 2348 etiem
1100 2309 1124 2348 c.

64 2411 67 2420 .
105 2379 126 2416 r.
146 2378 170 2419 c.
261 2378 285 2416 c.
303 2380 325 2418 r.
346 2360 397 2416 sub
416 2363 543 2416 mentom
563 2360 624 2429 (sic)
642 2361 764 2430 gutturis
785 2363 880 2432 partes
898 2363 1027 2418 ostendat
1045 2379 1076 2432 9,
1099 2377 1123 2418 ο.

101 2432 440 2561 {tarracona
926 2435 1125 2559 cutm

102 2591 174 2644 quos
192 2591 235 2646 cp.
327 2574 387 2630 tis
405 2592 436 2646 9ε
455 2520 575 2642 hisgcpp
648 2521 846 2643 sopateresiii'
858 2591 889 2644 9,
912 2520 1125 2644 αροίοἳαίωθο,

99 2647 261 2802 {minin
273 2679 305 2734 p·
324 2734 372 2789 diu
391 2661 538 2803 gaffirliloriq
550 2663 685 2787 (Qiom.
696 2662 861 2788 dicaliaiiiigu
871 2664 942 2788 effic)
957 2679 1000 2788 91'1
1006 2679 1124 2789 {mitio

102 2803 252 2876 nomime
261 2807 306 2875 p),
325 2805 400 2860 edm.
416 2821 438 2860 c.
511 2776 564 2870 inii
577 2750 701 2873 9⁰0)le
714 2807 798 2874 99(ο).
874 2804 1056 2859 insaniendo
1073 2820 1123 2874 yps

104 2875 232 2932 mondo
251 2893 273 2931 c.
357 2874 533 2931 obtractione
552 2874 686 2948 violentie
705 2877 805 2929 metus.
844 2875 1047 2950 ememorroide
1064 2876 1124 2945 (ric,

100 2952 127 3003 'et
145 2963 234 3017 stepra
256 2953 287 3017 9ο
313 2963 377 3002 emo
395 2945 509 3014 sanguis
532 2945 576 3013 (ὶῆ
594 2962 625 3014 9,
648 2945 839 3001 abstractione
858 2945 993 3002 violentie
1016 2948 1124 3002 mentm

104 3016 269 3073 hemoroide
297 3034 325 3086 c,
353 3015 531 3072 adtractione
559 3015 678 3071 violenti
701 3017 825 3072 humoris
847 3019 939 3072 metus
962 3015 1072 3088 emdltd
1091 3032 1122 3086 p.

103 3095 138 3144 18
157 3091 312 3158 sequuntur
330 3105 352 3145 c.
429 3093 462 3142 14
481 3104 566 3156 quam
585 3088 661 3156 greci
680 3104 730 3144 orn.
746 3106 764 3158 9
782 3088 869 3158 (greci
887 3104 938 3144 om.
951 3089 995 3160 p).
1067 3090 1124 3143 oto·

102 3159 228 3215 meticen
253 3162 333 3227 (-ce
352 3161 387 3229 p)
410 3175 460 3230 99,
488 3158 656 3213 stomatiche
680 3176 701 3214 c.
738 3161 804 3215 hoec
832 3159 934 3214 Musae
956 3159 1044 3231 primi
1066 3158 1123 3226 soit

100 3247 151 3288 aec.
171 3231 235 3287 Gal.
256 3231 343 3296 XII,
361 3236 426 3286 955.
445 3234 510 3285 956.
602 3237 637 3285 to
656 3230 772 3300 colliges
791 3246 817 3286 c:
837 3229 915 3300 -gis
933 3248 978 3301 99.
1069 3229 1123 3285 boo

99 3318 150 3373 cpe
174 3302 227 3357 hoc
246 3319 306 3358 c..
361 3301 513 3368 bubulae,
537 3299 649 3370 -layz
673 3301 809 3356 bubuline
829 3318 860 3371 p.
952 3307 984 3356 lt
1003 3303 1069 3357 ente
1087 3330 1122 3342 -

101 3373 246 3428 custodies
269 3390 287 3442 9
310 3378 336 3427 et
353 3373 414 3440 (ubi
436 3375 545 3440 earnes)
563 3388 590 3428 c:
617 3375 683 3427 ento
702 3373 776 3428 diem
795 3373 925 3428 comedet
943 3372 1063 3443 (-derit
1076 3374 1123 3442 p0)

101 3446 131 3501 et
148 3444 309 3500 custoditus
328 3443 415 3499 buerit
430 3461 460 3513 p,
