2512 3908
516 227 735 291 ..35-

110 391 205 452 sugae
238 374 369 453 possint,
406 371 521 434 levibus
551 372 644 452 plagis
676 371 842 453 scarilabis,
874 381 906 432 et
937 369 1056 432 duobus
1089 376 1135 435 vel

109 459 211 534 tribus
239 461 426 541 interpositis
453 455 560 523 diebus
587 460 758 521 diaioretico
787 460 996 541 cataplasmate
1029 463 1134 540 uteris,

109 549 141 610 id
169 556 218 609 est
245 547 353 612 hordei
380 550 499 630 pollinis
526 557 626 629 partes
654 549 727 608 duas
754 548 807 608 lini
830 552 953 610 seminis
980 559 1097 631 partem
1121 550 1134 609 l

110 649 142 699 et
173 638 255 699 faeni
287 641 389 719 graeei
423 637 574 698 dimidiam
608 643 724 715 partem
759 635 874 697 adiecto
911 638 1029 700 modico
1066 638 1132 699 oleo

110 743 225 806 coques
248 729 280 788 in
303 745 380 806 aqua
404 724 480 786 salsa
502 733 534 786 et
556 723 791 804 cataplasmabis‚
820 729 1042 805 praevaporatis
1065 741 1160 806 par-a

98 814 351 894 'tibus'spougiis
375 832 412 875 ex
434 831 511 892 aqua
534 812 625 874 calida
649 812 724 874 salsa
748 815 910 892 expressis:
934 813 1056 875 cottidie
1080 816 1131 874 ali-

109 905 232 983 quantis
259 901 367 963 diebus
393 901 563 964 inmutabis.
605 920 659 961 nec
687 919 747 961 non
770 904 859 961 ctiam
888 911 918 962 et
947 902 1046 963 dialon
1070 921 1130 963 em-

107 992 257 1071 plastrum
286 991 412 1053 inlerius
440 1009 494 1052 suo
525 991 590 1051 loco
618 991 819 1069 conscriptum
851 999 920 1069 post
952 991 1131 1070 cataplasma

108 1083 256 1158 impones.
292 1079 441 1141 cavendae
459 1088 578 1158 praeter
596 1097 630 1138 ea
653 1080 731 1139 inter
751 1080 815 1158 ipsa
833 1079 916 1139 initia
938 1078 1130 1141 vehementes

108 1166 307 1229 saccellorum
335 1169 551 1248 vaporationes.
591 1169 701 1228 etenim
729 1169 866 1227 nimietas
890 1169 1007 1246 vaporis
1030 1167 1130 1228 locum
1145 1183 1171 1222 10

92 1255 262 1318 *dolentem
286 1264 318 1317 et
340 1264 505 1317 tumentem
528 1258 559 1316 in
582 1255 724 1317 saniolam
747 1259 880 1316 converti
903 1258 991 1334 cogit.
1029 1256 1130 1317 obser-

107 1363 178 1406 vare
202 1347 293 1406 etiam
316 1352 437 1424 oportet
458 1352 612 1423 aegrotum
634 1362 651 1404 a
674 1346 741 1403 vino
761 1353 791 1404 et
809 1343 846 1404 ab
870 1343 1009 1404 omnibus
1033 1347 1128 1405 carni-

106 1431 179 1516 bus,
203 1431 449 1512 quadrupedibus
472 1441 503 1494 et
525 1431 698 1494 volatilibus.
735 1432 836 1492 holera
865 1441 980 1493 tantum
1003 1435 1130 1512 accipiat

107 1540 185 1602 quae
209 1522 272 1582 sint
294 1520 455 1600 digestioni
477 1523 636 1602 aptissima.
673 1521 726 1582 sed
745 1524 805 1581 sia
829 1524 897 1581 vino
916 1540 977 1581 non
996 1524 1129 1601 potuerit

106 1609 267 1689 abstineri,
289 1618 416 1689 propter
438 1609 670 1672 imbecillitatem
693 1609 837 1670 stomachi
860 1611 950 1670 nimie
972 1613 1169 1690 aquatissi-1o

105 1715 190 1760 mum
224 1697 381 1760 concedes.
435 1701 481 1760 sin
513 1717 583 1759 vero
615 1699 672 1759 loci
707 1701 846 1778 patientis
884 1698 968 1758 dolor
1005 1701 1126 1759 minime

107 1788 258 1867 quieverit
280 1795 311 1847 et
334 1786 370 1848 ad
394 1787 582 1849 nutriendam
606 1790 718 1848 saniem
744 1796 894 1866 apostema
926 1787 1127 1868 declinaverit,

106 1876 379 1955 tunc-empyoticis
396 1875 552 1937 adiutoriis
569 1879 614 1938 uti
632 1884 750 1954 oportet
768 1875 798 1935 id
817 1886 864 1937 est
887 1894 962 1955 quae
984 1876 1126 1936 saniolam

63 1962 225 2025 .'nutrire
258 1961 388 2046 valeant,
415 1972 449 2026 ut
476 1973 523 2026 est
549 1964 723 2044 cataplasma
751 1983 786 2024 ex
817 1966 916 2025 resina
944 1963 1125 2025 terebintina

97 2061 136 2114 ,et
157 2051 271 2132 polliae
299 2053 418 2114 triticeo
442 2055 581 2133 superius
603 2052 639 2113 ad
662 2053 851 2114 maturandas
880 2053 1031 2132 parotidas
1056 2071 1124 2112 con·
1140 2068 1167 2107 ao

104 2142 263 2221 scriptum
305 2140 358 2201 sed
386 2140 493 2203 melius
520 2142 554 2201 lit
581 2139 648 2202 cum
676 2143 848 2202 decoctione
870 2144 1037 2202 caricarum
1059 2143 1124 2220 pin·

75 2230 80 2239 '
103 2231 220 2310 guium.
257 2246 353 2307 coque
373 2231 462 2291 etiam
482 2237 512 2290 et
530 2231 699 2308 psittacium
717 2229 910 2309 emplastrum
929 2233 973 2290 nti
997 2239 1124 2309 oportet..

104 2316 186 2380 aliud
204 2325 288 2378 certe
311 2317 421 2379 meline
445 2317 615 2396 Vespasiani
637 2317 828 2396 appellatum:
858 2320 938 2377 novit
961 2320 1040 2377 cuim
1064 2336 1124 2377 non

116 2564 120 2571 '
178 2557 324 2614 lienibus
342 2575 366 2615 o.
457 2557 602 2615 smmlabia
619 2575 650 2628 9:
669 2559 837 2614 acamflcabis
856 2576 896 2627 cp.
984 2559 1080 2613 tini
1097 2577 1125 2628 p,

103 2630 173 2686 lanu
191 2646 215 2687 c.
288 2634 355 2686 oet
372 2628 476 2685 cotidie
489 2647 520 2700 p.
611 2631 675 2683 iet
691 2646 779 2699 orep
797 2633 866 2696 (non
883 2635 936 2697 pc).
1027 2576 1125 2685 ‹lialou

67 2695 154 2770 '(dt'
173 2695 262 2770 olida)
279 2717 326 2772 pc:
345 2699 460 2756 dialoen
471 2717 503 2771 p.
584 2701 711 2769 tipouis
728 2718 789 2771 pop.
875 2699 989 2754 Cavend
1006 2719 1052 2769 pc,
1072 2701 1123 2754 Co-

102 2770 195 2828 vendo
209 2788 242 2854 p.
332 2788 351 2827 a
368 2771 530 2827 vehementi
548 2789 568 2826 a.
589 2771 788 2840 zvaporatione
803 2788 834 2839 p.
923 2776 955 2824 10
975 2771 993 2826 l.
1013 2775 1123 2825 tumen-

101 2846 163 2899 tem
182 2844 343 2913 (tamentem
362 2845 388 2912 c)
407 2844 437 2898 et
454 2841 595 2898 dolentem
613 2859 646 2910 cp
760 2849 792 2896 13
812 2860 839 2910 q.
859 2847 932 2897 etv.
950 2860 981 2911 q:
1001 2843 1123 2911 quadru-

100 2902 223 2984 pbdibuo
240 2912 408 2970 volatilibus
427 2930 451 2982 c,
469 2913 691 2983 quadrupedium
708 2912 866 2968 volatilium
882 2930 912 2980 p.
993 2919 1024 2967 13
1044 2913 1123 2968 olera

99 3001 162 3056 pop.
270 2985 385 3040 tuntum
402 3001 434 3055 9:
451 2985 548 3039 tamma
566 2986 618 3052 (tri)
633 3002 663 3053 p,
682 3001 732 3039 om.
752 3002 774 3038 c.
885 2991 917 3036 14
937 2983 1080 3052 potuerint
1099 3002 1122 3052 c,

100 3055 228 3138 poterint
242 3071 274 3126 p.
359 3061 393 3111 16
412 3053 593 3124 obstinatia:
612 3073 676 3110 -re
694 3072 735 3124 cp.
824 3062 854 3108 11
875 3054 1059 3108 declinaverit
1075 3071 1121 3123 pc:

99 3125 284 3183 molinaverit
291 3142 323 3196 p.
388 3131 422 3182 18
436 3126 544 3210 emppfi
556 3125 682 3195 cp)oticis
695 3143 746 3195 pop
759 3125 859 3193 (Sim).
924 3125 1060 3180 saniolam
1075 3143 1121 3193 pc:

99 3196 208 3254 saniem
222 3215 256 3269 p.
351 3201 388 3253 20
406 3198 594 3266 couscriptum
612 3200 654 3253 est
672 3199 716 3266 (θ’
735 3199 763 3265 p)
780 3213 832 3266 pap
849 3197 927 3258 (indo
945 3201 1028 3250 anteo
1046 3197 1137 3264 quod¹

99 3268 230 3338 superius
254 3285 278 3339 p
301 3273 327 3323 et
349 3270 383 3324 ut
405 3268 533 3339 superius
555 3274 589 3336 c).
696 3274 730 3322 22
755 3267 830 3336 psyti
848 3266 981 3336 c)tacinm
998 3283 1045 3336 qe,
1066 3267 1121 3335 psi·

99 3341 184 3396 taton
198 3356 229 3422 p.
312 3344 347 3394 28
365 3338 469 3421 melina
486 3357 513 3421 p,
533 3339 615 3395 malie
633 3357 656 3408 c,
674 3338 780 3392 mll'me
795 3355 825 3407 p.
912 3338 1072 3407 vespasiani
1090 3356 1120 3407 p:

100 3425 263 3481 veapualam
276 3427 300 3478 c,
319 3427 494 3481 vaspasotam
504 3428 535 3480 p.
608 3429 643 3464 m.
664 3427 739 3479 vesp.
759 3409 933 3478 appellatum
952 3427 978 3464 c:
998 3428 1034 3462 m.
1054 3427 1120 3478 app.

99 3498 179 3553 vesp.
197 3499 244 3553 pp.

921 3570 958 3624 3*
