2512 3908
503 275 720 338 ..21-

101 420 311 484 medicamenti
342 419 489 480 confectio
518 415 585 478 talis
617 426 673 480 est.
714 418 935 501 cantharidum,
966 418 1121 498 sulphuris

101 507 278 589 rivi„oleac
301 506 441 569 bacarum
463 514 665 588 purgatarum,
688 505 855 568 chalcantbi
878 511 905 562 2.
927 514 1099 589 quaternas,
1113 500 1153 589 lo·
1168 521 1214 564 aaa

101 599 177 676 picis
200 595 329 674 liquidae
352 602 379 653 2
401 595 427 657 11
449 597 590 656 conficies
612 602 645 655 et
663 596 772 654 uteris..
812 595 883 656 iacit
902 596 987 658 etad
1005 597 1121 675 rizony-

102 683 184 744 cbias
207 684 308 747 idest
328 685 444 745 radices
465 685 612 762 unguium
636 680 844 742 excludendas
1171 729 1182 749 .

367 824 470 904 [xnu.
506 823 555 884 no
577 823 672 885 raon
695 824 842 885 uranus.
1138 786 1207 877 ”nt

191 940 280 1002 Labia
307 941 417 1002 hiantia
443 942 506 1000 sive
533 941 662 1018 crispata
689 938 795 1000 Graeci
825 937 903 1000 cbile
932 947 1121 1018 caterrogota

102 1037 216 1092 vocant.
256 1038 288 1091 ct
315 1036 458 1091 curantur
485 1027 542 1088 boc
564 1027 662 1088 modo.
703 1029 752 1088 ovi
774 1029 950 1088 interiorem
974 1027 1120 1089 membra-

102 1137 170 1180 nam
197 1136 342 1201 appones,
369 1125 421 1178 aut
446 1116 541 1196 adipis
567 1117 700 1176 anserini
727 1133 814 1176 cerae
841 1119 960 1176 resinae
989 1115 1119 1176 terebin-

102 1208 181 1269 tinae
209 1209 341 1268 omnium
370 1208 460 1267 trium
486 1207 569 1285 paria
597 1204 730 1284 pondera
757 1207 789 1265 in
818 1222 877 1265 uno
904 1204 986 1264 lento
1010 1221 1120 1284 vapore

102 1294 308 1357 commiscebis
331 1304 362 1355 et
390 1297 421 1354 in
443 1292 615 1354 membrana
636 1292 674 1354 dc
697 1310 792 1354 canna
814 1293 954 1353 illinitum
978 1309 1119 1372 appones.
1134 1306 1160 1347 ιο

101 1383 273 1446 membrana
302 1382 339 1443 de
371 1399 464 1442 canna
496 1381 606 1443 dicitur
637 1380 711 1443 illud
738 1380 902 1442 rotundum
932 1381 1013 1461 quod
1041 1383 1121 1441 intra

101 1490 225 1550 cannam
248 1472 408 1531 invenitur.
443 1469 521 1531 aliud
541 1469 578 1530 ad
596 1469 716 1549 ragadia
737 1478 769 1531 et
790 1468 827 1529 ad
847 1469 948 1530 ulcera
969 1472 1001 1530 in
1025 1467 1119 1529 labiis.

101 1559 206 1641 gallam
233 1568 264 1620 et
292 1560 435 1619 masticcn
461 1558 577 1637 aequali
604 1558 691 1619 modo
714 1565 854 1618 conteres
882 1568 913 1619 et
943 1576 1012 1618 cum
1035 1559 1120 1636 isypo

101 1657 132 1710 et
154 1647 242 1709 melle
265 1650 354 1708 attico
378 1657 429 1707 aut
451 1646 537 1726 adipe
560 1649 698 1707 anserino
722 1649 826 1707 uteris.

334 1874 338 1879 ³
440 1785 500 1849 XV.
536 1787 585 1848 Ad
608 1787 776 1848 scabiem.
1134 1799 1160 1840 1⁵

191 1898 313 1964 Scabies
344 1920 362 1963 a
393 1901 543 1963 veteribus
570 1901 646 1963 duae
675 1920 741 1964 esse
769 1900 944 1981 probantur.
985 1919 1044 1961 ona
1074 1910 1120 1961 est

101 2009 243 2071 squamea
264 1991 343 2053 lusci
365 1989 482 2072 coloris,
505 2008 594 2069 quam
617 1989 747 2052 scabiem
771 2008 960 2070 squamosam
983 1988 1120 2069 dicimus,

101 2078 249 2160 siquidem
281 2081 442 2140 corticosas
472 2078 643 2158 squamulas
674 2081 706 2139 in
739 2087 809 2141 cute
849 2078 1013 2138 ostendunt
1045 2095 1120 2156 quas

173 2231 331 2287 mutandas
348 2248 375 2301 9,
392 2231 528 2286 -durum
540 2247 587 2301 pc.
687 2231 805 2300 sulphur
823 2232 919 2285 rivum
937 2248 955 2299 p
974 2229 1045 2299 (qen.
1060 2235 1118 2298 pc).

100 2309 117 2357 i
136 2302 229 2358 oleae:
248 2301 306 2356 alei
321 2319 363 2372 oc,
382 2301 437 2356 olei
449 2318 480 2370 p.
554 2303 655 2356 baccas
673 2301 786 2369 (bucias
802 2302 843 2356 sic
852 2303 885 2370 p)
904 2304 1039 2370 purgatas
1058 2317 1118 2369 qcp.

100 2371 223 2428 cmcanti
240 2371 359 2443 (calami
376 2374 402 2442 c)
419 2387 471 2442 ppo
488 2371 517 2442 (i
532 2370 646 2427 vibriola
662 2373 704 2427 cic
720 2388 808 2440 utapro
820 2390 848 2442 9,
867 2373 902 2439 cs.
913 2388 936 2439 p
954 2372 992 2426 od
1006 2389 1029 2426 c.
1045 2371 1119 2437 XI).

100 2445 253 2514 quaternas
269 2459 316 2514 pcc
334 2442 389 2497 1111
402 2458 434 2513 p.
505 2449 521 2498 8
540 2443 655 2498 conficis
671 2459 732 2513 pop.
809 2441 965 2497 rizonichia
983 2459 1020 2511 pp
1038 2443 1119 2510 (cari-

100 2514 225 2570 zoricbia
241 2515 275 2584 c).
361 2521 379 2568 4
396 2513 572 2569 exducendao
585 2530 617 2583 p.
689 2519 705 2568 ὁ
725 2515 768 2568 tit.
787 2513 873 2567 Albia
891 2513 983 2567 macia
997 2531 1027 2582 p.
1102 2519 1119 2566 6

99 2583 189 2640 Labie
209 2583 303 2640 macie
319 2588 401 2653 plot
424 2585 457 2638 a'o
477 2600 565 2654 worp.
587 2600 658 2640 corr.
677 2583 696 2638 i.
718 2582 829 2653 mutia).
938 2583 1062 2653 crispata
1083 2600 1118 2652 p:

99 2673 205 2743 utapro
222 2688 245 2729 e.
318 2658 464 2743 etiope
476 2687 508 2754 ρ,
526 2673 689 2743 abrogata
706 2687 721 2727 e
737 2671 814 2738 (aaz.
833 2672 924 2737 xor,
937 2676 1003 2726 424.
1042 2671 1119 2724 ono.

99 2759 160 2814 cup.
174 2747 203 2809 4,
220 2748 278 2812 57).
386 2749 401 2798 'l
426 2741 477 2796 cai
499 2743 631 2798 anteriori
650 2761 687 2797 m.
700 2759 737 2812 p,
763 2742 847 2798 Omni
871 2744 940 2797 teris
959 2761 996 2795 m.
1016 2759 1031 2796 c
1049 2743 1118 2810 (sio).

99 2815 200 2884 scripsi
217 2813 265 2868 ovi
282 2829 317 2868 ecc
335 2813 412 2870 Plio.
431 2818 480 2880 29,
497 2817 543 2869 46.
643 2818 661 2868 8
680 2814 793 2884 adipem
811 2815 971 2868 anserinum
990 2829 1052 2867 cere
1071 2818 1119 2866 etc.

95 2902 142 2954 pe.
249 2883 410 2939 acronium
427 2883 514 2938 trium
536 2901 563 2938 c:
585 2900 637 2938 orn.
651 2900 683 2954 p.
791 2901 847 2938 uno
864 2901 900 2953 p,
919 2890 968 2938 uio
990 2884 1077 2951 (vino)
1096 2899 1118 2938 c.

100 2957 177 3011 lento
194 2970 247 3009 om.
265 2970 288 3010 c.
362 2961 395 3009 10
413 2953 576 3010 commisces
589 2956 657 3024 elp).
682 2949 692 2969 '
730 2957 760 3010 et
777 2956 942 3009 membrana
960 2956 995 3008 de
1012 2961 1045 3008 cia
1062 2957 1066 3020 Ι
1083 2970 1120 3006 na

99 3024 204 3080 dicitur
231 3026 286 3092 (tic
309 3027 377 3080 med.
401 3041 464 3094 oro„
491 3041 562 3096 quoe
588 3031 680 3080 tomen
700 3027 791 3095 suppl.
820 3041 889 3080 coar.
913 3027 945 3079 io
968 3030 1068 3093 roorp.)
1087 3042 1118 3092 p.

101 3103 135 3151 12
152 3095 262 3166 ragadia
282 3097 312 3151 el
334 3095 428 3151 ulcera
441 3111 472 3165 p.
581 3102 614 3150 13
637 3095 755 3152 masbiee
778 3112 813 3151 cx
836 3096 932 3165 equali
951 3096 1035 3150 modo
1054 3112 1119 3150 con·

98 3169 174 3223 teres
192 3182 219 3221 e:
238 3166 354 3222 mastica
373 3183 445 3236 aquo
462 3167 589 3222 cantores
603 3168 665 3236 (aie)
679 3184 710 3237 p.
783 3183 848 3221 cum
867 3183 934 3221 suco
948 3167 1022 3236 isopi
1037 3166 1118 3220 attici

99 3240 152 3293 aaut
169 3236 252 3307 adipe
270 3253 298 3308 c,
317 3253 380 3292 cum
403 3237 484 3307 iaopo
501 3237 578 3293 abico
597 3238 657 3306 (ubl
674 3238 750 3292 atico
764 3254 798 3292 ex
812 3240 893 3300 corr.)
919 3242 970 3292 aut
988 3237 1071 3306 adipe
1087 3254 1117 3305 p.

717 3309 764 3434 u·
881 3311 1030 3447 nni

136 3419 143 3433 0
242 3420 250 3434 n
411 3421 418 3434 n
646 3423 654 3449 ’
734 3421 741 3434 ρ
1032 3421 1038 3444 q
1108 3409 1117 3419 ⁸

99 3465 243 3590 {neg-3)
302 3466 454 3506 smmoaam
482 3466 523 3520 ῳ.
615 3456 648 3504 18
672 3450 810 3504 scamulas
836 3467 858 3505 c.
951 3445 1119 3518 ostenditp

114 3549 145 3561 -
167 3537 185 3574 ιι
217 3537 253 3575 c.
