2512 3908
498 201 738 266 -188-

201 352 234 412 in
261 344 465 408 curationibus
491 361 561 403 vero
588 360 741 424 opopanax
769 353 821 406 aut
843 348 943 427 capilli
966 348 1129 412 mulierum

113 441 212 500 exusti
238 441 290 495 aut
317 449 435 513 caprae,
462 439 513 492 aut
539 432 589 510 pix
619 429 772 492 combusta
798 431 922 495 naribus
950 437 1129 518 applicetur.

113 527 251 586 desinent
278 520 513 599 praefocationcs
546 519 683 579 matricis.
728 519 854 580 inferius
887 540 960 583 vero
992 527 1026 586 in
1055 528 1128 607 ipsis

113 607 292 690 genitalibus
313 607 387 669 locis
410 616 461 669 aut
480 605 700 688 opobalsamum
723 615 774 668 ant
796 607 923 669 nardum
945 619 1000 672 aut
1023 612 1128 676 folium

85 709 257 778 suppones,
280 698 369 757 etiam
387 705 418 757 et
435 697 547 776 optimo
570 704 685 775 styrace
703 695 813 757 suffles.
852 698 896 757 sic
916 700 999 758 enim
1018 704 1134 763 matrix'

112 787 224 868 poterit
247 783 347 846 fetidis
370 783 511 846 odoribus
533 802 550 845 a
573 783 777 865 superioribus
800 784 836 846 ad
861 785 1006 847 inferiora
1030 785 1128 867 fugari

113 881 144 935 et
165 871 231 934 loco
259 874 380 953 proprio
403 875 550 954 revocari,
578 891 646 934 cum
668 873 841 960 melioribus
868 881 900 936 et
924 874 1074 936 iucundis-
1091 875 1127 936 ad

112 960 271 1022 inferiores
300 969 402 1041 partes
432 962 522 1022 fuerit
550 963 671 1023 inritata
700 970 731 1024 et
759 972 926 1044 provocata.
972 966 1066 1026 etiam
1097 971 1128 1025 et

114 1047 285 1111 cucurbitas
312 1048 396 1110 oufes
417 1043 470 1128 <id
497 1057 543 1109 est
568 1046 648 1129 levi>
670 1067 738 1111 cum
760 1054 945 1132 appositione
969 1070 987 1114 a
1009 1050 1127 1134 superi·

14 1214 19 1222 .
74 1149 101 1191 ¹⁰
114 1136 218 1200 oribus
239 1136 374 1219 partibus
397 1137 551 1218 usquead
574 1140 694 1217 inguina
716 1137 822 1201 blande
845 1138 985 1203 deduces.
1023 1193 1029 1197 .

202 1226 291 1289 aliud
328 1228 439 1289 cumini
457 1226 609 1288 torrefacti
628 1224 805 1289 coclearium
827 1225 841 1287 1
863 1227 1024 1307 diligenter
1045 1236 1128 1291 terea

113 1323 236 1377 etcum
259 1317 327 1376 vino
350 1318 475 1376 mixtum
498 1316 605 1374 ieiunis
628 1313 719 1375 dabis.
1131 1387 1135 1397 .

201 1402 290 1469 aliud.
327 1401 498 1482 vulpeculae
517 1400 608 1479 adeps
625 1407 677 1460 aut
694 1417 800 1480 caprae
819 1418 888 1461 cum
906 1401 1025 1464 modico
1048 1397 1128 1467 bttuss

113 1493 194 1551 mine
217 1490 306 1550 tritus
329 1491 413 1550 etin
435 1505 523 1568 pesso
546 1490 698 1568 appositus
720 1489 972 1568 praefocationem
992 1488 1128 1571 matricis

74 1579 236 1657 romifigat

202 1666 350 1726 trociscus
377 1667 584 1746 ypocapnistos
610 1665 709 1727 idest
736 1667 991 1748 suffumigatorius
1013 1668 1128 1730 faciens

113 1753 150 1815 ad
182 1761 334 1816 menstrua
366 1752 537 1815 deducenda
569 1763 599 1815 et
630 1753 667 1814 ad
698 1756 830 1816 matricis
857 1755 1038 1818 adscensum
1052 1757 1128 1819 'sive

114 1859 278 1922 supernum
296 1858 462 1921 recursum,
480 1859 569 1920 quem
588 1841 693 1902 Graeci
709 1842 887 1904 anadromen
907 1843 1022 1927 dicunt,
1039 1842 1128 1924 etad

112 1930 362 2010 praefocationem
390 1931 521 1989 matricis
549 1931 659 2009 optime
686 1930 806 1991 faciens.
846 1932 955 2012 recipit
981 1927 1129 1994 memmei

75 2031 102 2070 2⁰
115 2020 233 2100 cretici,
256 2019 436 2099 artemisiae,
459 2013 612 2098 paeoniae,
640 2017 744 2098 lapidis
767 2021 894 2100 gagatis,
917 2019 1129 2083 aristolochiae

130 2358 133 2365 ,
186 2299 257 2348 teir
280 2309 362 2362 capre
386 2301 403 2346 a
426 2292 480 2362 prc'
503 2294 641 2349 combusti
664 2310 691 2361 c,
713 2300 731 2348 a
757 2299 809 2364 cap
833 2293 922 2350 dicis
942 2294 1089 2352 comburis
1102 2314 1128 2367 p

111 2365 160 2432 (cf.
179 2363 244 2421 Gal.
264 2363 371 2431 XIII,
390 2367 456 2419 320.
486 2365 548 2418 Aet.
567 2369 617 2430 12,
636 2369 674 2419 68
695 2381 726 2434 p.
744 2370 809 2420 997.
888 2365 1001 2424 Rirc.
1073 2373 1127 2425 .2.

113 2439 210 2490 contro
227 2435 352 2503 disputat
370 2433 494 2488 Soranus
507 2451 538 2503 p.
557 2437 636 2501 256).
742 2435 893 2490 inaribua
910 2452 938 2492 cs
962 2452 1026 2492 aun
1092 2455 1127 2508 p.

112 2505 257 2576 applicato
275 2521 303 2572 c,
321 2503 444 2573 aplicaia
457 2521 487 2574 p.
578 2504 965 2574 3deainuntp‚dea1miac.
1022 2523 1127 2566 ‘vero

112 2593 164 2631 om.
182 2592 206 2632 c.
313 2575 442 2629 tante:
461 2574 585 2629 matricis
599 2592 628 2643 p.
731 2578 872 2632 betomca
884 2593 921 2646 p,
941 2577 1082 2633 scincum
1101 2597 1125 2637 c.

113 2647 190 2702 suffia
199 2663 232 2716 p,
246 2645 315 2701 fusis
329 2663 351 2701 c.
424 2665 445 2700 s.
460 2662 483 2700 e.
498 2648 557 2715 pot.
571 2645 672 2700 matrix
685 2662 717 2715 p.
791 2646 933 2717 iproprio
946 2663 974 2703 cr
986 2648 1080 2718 primo
1090 2667 1127 2721 p.

112 2716 240 2772 iocundie
258 2733 299 2786 cp.
385 2719 515 2786 Sparten
533 2732 583 2771 om.
602 2733 624 2770 c.
710 2720 813 2773 imrata
826 2734 862 2788 p,
884 2719 976 2774 labdo
997 2735 1020 2775 c
1107 2727 1126 2776 a

112 2786 271 2843 cucurbitas
295 2787 383 2854 (cuias
401 2789 464 2842 odd.
484 2789 509 2855 c)
533 2804 595 2841 cum
613 2786 787 2856 appositione
810 2805 852 2858 cp.
961 2794 997 2844 to
1016 2789 1126 2847 blande

113 2857 191 2912 duoie
212 2874 244 2927 p,
268 2855 332 2911 albe
355 2857 456 2912 blande
479 2857 583 2911 delucis
608 2875 629 2912 c.
707 2865 740 2913 11
758 2858 904 2914 torrefacti
919 2874 971 2915 ono.
990 2876 1014 2916 c.
1089 2866 1126 2917 12

113 2932 148 2982 cir
162 2944 188 2984 c:
207 2942 259 2983 ona.
268 2944 300 2997 p.
381 2927 469 2982 mixto
483 2945 524 2997 cp.
604 2928 709 2982 ieiunos
729 2928 809 2984 dabis
834 2947 862 2998 c,
887 2928 1015 2986 ieiunans
1039 2933 1127 3002 pota·

113 3015 156 3071 bie
169 3034 200 3086 p.
274 3022 308 3070 13
327 3014 478 3084 adipem..
495 3014 611 3069 tritum
631 3033 671 3084 cp.
749 3023 801 3087 cap
819 3011 934 3101 escape
953 3019 1077 3090 (caprae)
1089 3037 1126 3091 p.

115 3093 148 3141 14
167 3089 197 3141 et
215 3086 340 3156 inpresso
359 3086 518 3155 appositum
533 3102 559 3153 c,
579 3089 607 3140 et
624 3085 747 3155 inpresso
766 3093 796 3143 et
813 3092 945 3159 apponte
957 3104 989 3158 p.
1062 3105 1127 3146 ma·

112 3158 192 3213 tricis
206 3175 242 3228 p:
261 3159 311 3211 aut
329 3172 344 3211 c
362 3161 426 3224 (pro
444 3158 567 3211 cantrices
585 3159 739 3226 compendio
757 3164 786 3210 fri
800 3160 876 3226 lecto,
893 3165 925 3216 uf
941 3175 1022 3229 saepo
1034 3160 1126 3232 infra,

113 3232 157 3294 air,
177 3233 246 3283 ira
260 3229 363 3295 annm,
382 3229 439 3294 aut,
457 3229 507 3296 ut).
581 3235 613 3281 16
626 3229 848 3298 ypocapmietros
861 3247 883 3299 c,
900 3228 1079 3301 opooanirtes
1091 3249 1125 3302 p.

113 3297 321 3354 suffumatorins
345 3314 384 3366 cp.
458 3302 490 3351 17
509 3297 643 3352 adscensu
663 3315 689 3366 c,
707 3299 823 3355 adcessir
837 3319 868 3372 p.
951 3305 985 3356 18
1003 3301 1125 3358 anadro-

112 3385 178 3425 mon
196 3387 223 3437 c,
242 3370 357 3423 -droffa
370 3385 401 3437 p.
476 3373 507 3421 19
526 3367 595 3423 facit
613 3386 634 3423 c.
706 3371 791 3442 ilcp.
878 3370 995 3428 dictami
1013 3387 1041 3442 c,
1060 3371 1124 3443 dip-

112 3440 182 3496 fami
195 3457 227 3510 p.
300 3444 334 3493 20
353 3438 481 3508 agagatis
495 3456 525 3508 p.
