2512 3908
509 319 547 329 -
598 283 676 390 105Ι
709 317 751 328 -

208 428 288 489 aliud
302 428 444 510 epithima
462 427 511 490 dia
525 447 664 492 samsuou
683 425 865 509 appellatum
884 424 993 487 similia
1006 425 1138 488 medens.

115 518 226 596 recipit
249 521 379 580 samsuci
402 525 433 579 et
454 518 596 581 bacarum
618 517 696 579 lauri
714 519 864 578 siccarum
883 523 915 577 et
937 514 1017 594 laeui
1039 516 1139 596 graeci

115 602 211 665 moliti
229 608 364 669 omnium
382 609 475 668 trium
493 607 585 669 libras
603 603 749 687 singulas,
772 605 846 665 nitri
864 608 892 660 2
910 603 938 663 ll
953 603 989 686 S,
1013 606 1138 665 storacis

115 691 269 755 calamitae
291 697 396 776 optimi
419 699 447 751 2
470 694 525 776 lll,
552 711 639 756 cerac
660 692 722 754 olei
744 693 862 774 cyprini
889 688 982 752 libras
1005 692 1137 772 singulas

115 783 220 863 semis,
248 785 366 844 resinae
392 783 591 845 terebintinae
618 779 711 843 libras
738 779 821 843 duas.
863 797 941 859 quae
965 789 1037 840 sunt
1058 783 1163 842 siconi

115 869 275 949 diligenter
306 870 416 932 tundes
449 880 480 933 et
510 889 618 934 cernes
650 878 681 932 et
712 871 757 932 sio
784 866 963 930 solubilibus
996 869 1137 931 resolutis

116 975 364 1042 superasperges,
387 969 418 1021 et
440 960 572 1022 movebis
595 958 692 1020 donoc
714 956 921 1038 coagulentur.

206 1045 242 1105 ad
269 1049 413 1110 vomitum
443 1045 709 1128 constringendum
742 1046 780 1107 de
812 1044 1018 1107 vindiciani
1049 1046 1135 1107 Afri.
1197 1085 1207 1100 ,

115 1135 255 1195 mastices
273 1142 304 1196 et
322 1154 396 1197 uvae
419 1154 523 1218 passae
542 1135 715 1198 enucleatae
733 1137 840 1196 uncias
857 1132 1000 1214 singulas,
1023 1135 1134 1196 cumini

112 1220 218 1282 leviter
251 1223 406 1285 torrefacti
438 1224 488 1286 sc‘r
519 1224 574 1307 111,
604 1225 705 1285 omnia
736 1225 769 1284 in
800 1239 863 1284 uuo
890 1221 1072 1304 contundes,
1104 1231 1175 1284 et1⁰

112 1326 214 1388 panno
237 1310 393 1373 inductum
416 1316 495 1375 siout
517 1312 712 1394 emplastrum
734 1310 889 1373 stomacho
912 1312 1058 1391 impones.

283 1451 385 1514 llldll.
421 1455 470 1515 dd
494 1455 733 1536 splenetieam
754 1437 972 1534 passionem.

201 1573 256 1636 Est
278 1585 378 1638 autem
402 1577 565 1658 splenetica
591 1580 691 1660 passio
714 1578 847 1640 causatio
872 1578 905 1637 in
927 1574 1039 1656 splene·
1056 1593 1132 1654 quae

111 1664 259 1742 contingit
286 1682 355 1726 cum
384 1667 613 1728 insurrectione.
654 1668 793 1746 sequitur
819 1666 969 1746 patientes
1001 1667 1131 1725 extantia

111 1760 143 1810 et
160 1749 246 1811 dolor
263 1755 344 1814 circa
362 1757 514 1816 sinistram
532 1754 778 1837 praecordiorum
795 1760 912 1835 partem
930 1761 962 1814 et
980 1751 1131 1814 fastidium
1146 1763 1171 1803 1⁵

109 1848 142 1898 et
164 1844 300 1920 corporis
330 1845 422 1905 totius
445 1843 520 1905 mala
543 1841 700 1926 habitudo,
725 1858 817 1923 quam
840 1839 948 1902 Graeci
970 1838 1130 1902 oacberian

108 1935 224 1988 vocant.

182 2050 196 2097 1
218 2045 356 2114 epithima
372 2064 418 2119 pe,
437 2048 545 2119 epith’u
581 2091 588 2106 .
697 2046 746 2104 dia
763 2060 924 2103 sementum
943 2046 1006 2115 (-i
1017 2047 1051 2115 p)
1068 2062 1128 2117 pop.

106 2114 254 2184 appellato
266 2134 293 2186 9.
365 2120 513 2175 teamsuoi
526 2064 640 2194 etbecp
653 2119 672 2174 t
687 2118 780 2175 siccae
793 2134 813 2188 p
1001 2146 1036 2199 3-
1046 2115 1130 2172 baea-

105 2201 170 2238 rum
185 2203 207 2256 p
226 2217 260 2227 -
279 2188 450 2244 leimarum
468 2192 521 2261 cp).
593 2188 718 2246 amomi
755 2205 828 2245 :mo
853 2186 925 2255 ‘ue
942 2187 1129 2258 mellulotip.

105 2255 232 2337 omnium
247 2259 423 2330 —singulas
439 2278 459 2331 p
477 2261 614 2330 (omnium
630 2261 719 2318 trium
750 2259 826 2316 ‘bros
843 2273 896 2315 om.
914 2259 953 2327 c)=
971 2262 1010 2313 ab
1026 2256 1056 2312 1⁸.
1073 2259 1128 2327 Lp

107 2327 409 2399 (semarppsrtr
430 2332 468 2402 S).
571 2332 729 2402 Nitrump.
827 2328 991 2399 3(3c)H.
1010 2327 1128 2390 S...3

105 2397 138 2464 (3
157 2399 277 2466 0),1111‚
295 2418 338 2470 ep.
458 2403 602 2459 Stoncem
624 2401 779 2460 alsmitw
803 2397 946 2470 optimum
966 2414 998 2470 p,
1023 2398 1128 2454 stertei

104 2467 239 2550 celemite
258 2472 364 2541 optime
383 2490 407 2541 c,
424 2476 516 2532 sturae
535 2472 588 2530 ool’
607 2476 671 2546 (eie,
688 2488 741 2529 ortt
761 2471 832 2543 opt)
845 2487 878 2542 p.
950 2469 1074 2525 lhbras
1092 2499 1127 2510 -

104 2555 190 2594 semis
209 2540 240 2607 (8
255 2544 279 2610 e)
291 2560 337 2612 pc:
356 2549 394 2600 ari
411 2543 439 2602 Γ.
458 2544 479 2600 Ι.
498 2544 518 2602 S
531 2562 563 2616 p.
635 2551 653 2602 b
668 2542 746 2612 Quae
760 2544 828 2598 sunt
842 2540 962 2600 terenda
974 2539 1128 2610 diligenter

102 2612 180 2665 teres
200 2611 326 2668 etsie..
343 2631 387 2671 .o.
459 2621 476 2670 'l
495 2615 621 2688 aspergis
644 2618 675 2672 et
695 2629 793 2671 mores
809 2628 870 2684 pop.
943 2611 1127 2682 coagulentur

102 2697 164 2750 pop.
238 2688 255 2738 8
273 2683 309 2739 de
326 2685 480 2742 vindiciani
496 2686 558 2744 uiri
591 2687 652 2758 (tic)
669 2702 697 2757 p,
715 2684 829 2740 devinci
846 2682 985 2738 muscae.
1003 2682 1125 2806 pnsum&

102 2767 159 2805 uve
178 2755 237 2822 ete.)
251 2771 282 2823 p,
301 2770 351 2810 om.
368 2773 391 2812 o.
422 2758 495 2812 idm
507 2758 656 2815 maediust
671 2759 715 2814 ric
730 2754 893 2812 weurotiue
907 2752 989 2810 babet
1030 2751 1125 2808 aeudo

104 2821 222 2877 Plinius
247 2825 364 2889 (Romae
392 2828 494 2897 editum
519 2834 552 2896 ἱ,
579 2833 612 2882 11
640 2829 674 2897 (t.
698 2832 753 2884 38·
774 2826 870 2894 But.)=
899 2823 963 2894 „Ad
986 2823 1125 2879 vomitum

102 2892 336 2964 restringendum.
362 2897 498 2955 Masticee
511 2897 627 2956 nucim
639 2915 735 2967 nuum,
748 2894 855 2969 oymird
869 2894 1016 2953 umanum
1028 2911 1124 2961 unum,

102 2963 174 3018 hsec
200 2965 294 3021 omnis
315 2969 467 3038 separatim
489 2970 570 3039 trite,
593 2971 695 3040 posteo
711 2985 769 3026 ovs
792 2981 877 3039 pm
894 2964 1044 3022 enucleata
1061 2980 1124 3034 per-

102 3033 217 3105 misces,
236 3038 266 3091 et
285 3037 375 3095 linteo
392 3039 539 3097 inductum
557 3039 705 3097 stomuobo
724 3038 894 3110 suppones.“
966 3033 1124 3092 tmastieis

101 3121 129 3172 9,
147 3112 245 3177 -ep,
264 3111 291 3175 li
307 3110 409 3167 mestit
427 3127 449 3166 e.
521 3115 567 3168 ιῑι.
584 3109 699 3181 †tp.
784 3105 897 3166 cumini
913 3123 947 3178 p:
965 3106 1064 3162 cimini
1081 3121 1123 3174 ep.

104 3179 137 3227 10
154 3177 253 3256 omnis
269 3195 318 3248 pp:
337 3196 388 3236 ont.
408 3198 430 3238 c.
538 3198 594 3238 nno
610 3197 663 3264 ppt
680 3180 748 3238 vino
766 3196 790 3237 c.
894 3177 1044 3234 contundis
1061 3192 1122 3248 pcp.

104 3251 136 3298 11
152 3247 297 3302 inductum
311 3267 349 3320 pp
362 3252 561 3320 (inducendum
573 3255 612 3321 c)=
630 3251 748 3308 inducto
755 3257 800 3322 μῦ.
872 3246 1053 3320 imssciponie
1061 3262 1122 3317 pop.

104 3323 136 3368 12
152 3317 263 3374 Abhinc
276 3337 361 3389 resque
374 3324 412 3377 ud
424 3325 504 3390 finem
518 3324 585 3379 luri
601 3324 709 3378 emata
720 3323 817 3380 omniu
834 3321 975 3392 mente
992 3319 1084 3374 codiee
1095 3335 1122 3388 9.

101 3385 147 3440 nd
170 3389 274 3457 splenis
297 3392 457 3460 passionem
479 3394 696 3461 o(etiu1ud.
718 3409 800 3464 oopp.
818 3396 867 3465 p),
894 3391 938 3446 De
966 3388 1124 3460 spleneticus

101 3458 234 3581 passione
251 3481 279 3532 p.
355 3471 386 3517 13
405 3465 561 3520 mutationi
578 3464 677 3535 splene
695 3480 724 3532 c,
741 3466 820 3520 totto
837 3471 850 3519 l
868 3462 954 3535 iplefi.
969 3479 1000 3532 p.
1088 3464 1122 3512 14

122 3569 128 3580 .
149 3535 244 3586 eutem
264 3553 289 3603 p.
305 3550 336 3601 p.
410 3542 443 3591 16
463 3536 593 3592 cacexiun
611 3552 639 3592 c:
657 3534 798 3592 cucculum
814 3551 845 3607 p.
