2512 3908
437 89 740 155 ,-65-

122 223 194 298 salis
221 252 311 316 grana
334 234 496 296 mediocria
518 250 644 295 numero
667 232 709 296 111
736 237 884 299 matutino
914 241 1052 316 tempore
1076 249 1146 299 ante

123 324 196 386 solis
226 331 326 386 ortum
358 322 442 386 dabis
473 321 619 385 laboranti
648 326 681 386 in
714 341 767 384 ore
802 323 985 386 continenda
1016 325 1048 384 in
1081 326 1146 404 ipsa

124 419 208 491 parts
235 414 267 474 in
291 430 349 493 qua
371 413 472 474 dolore
496 411 644 492 pulsatur,
672 411 769 472 donec
792 412 936 491 paulatim
959 412 1093 474 defluant
1116 422 1147 474 ot

124 518 193 562 cum
220 499 399 563 deduxerint
425 500 581 561 humorem
608 501 766 578 proiciunt
808 501 922 561 etenim
945 500 1003 561 hoc
1026 501 1146 562 adiuva·

122 591 217 652 menti
242 608 343 670 genus
375 590 401 649 si
432 588 607 666 frequenter
638 587 689 649 dat
725 587 917 649 limositatem
950 587 1084 650 excludit
1116 600 1174 652 ets

123 675 266 742 humores
288 676 457 757 superfluos
479 678 530 756 qui
553 675 687 737 dolorem
710 685 866 756 praestant
889 675 1046 756 depurgat.

117 777 119 781 ’
210 765 292 827 aliud
318 766 444 845 ipsicum
467 764 503 826 ad
531 764 665 825 dolorem
693 765 795 825 malae.
840 766 972 825 caricam
995 775 1026 825 et
1048 767 1146 845 sinapi

120 861 203 917 teres
227 862 258 916 et
280 853 404 916 induces
426 855 458 914 in
480 871 578 933 panno
601 861 632 913 et
651 852 752 914 cubito
772 852 897 914 alterius
920 856 1016 932 partis
1040 872 1146 934 super·

119 941 272 1024 impones,
298 942 329 1003 id
356 950 403 1004 est
429 944 456 1003 si
483 941 560 1002 sorte
589 943 710 1002 sinistra
740 941 833 1003 inerit
861 940 937 1002 mala
966 940 1086 1016 dextro,
1120 945 1145 1002 si
1220 941 1223 946 ’

108 1029 226 1095 >dextra
247 1034 384 1111 impones
406 1031 536 1091 sinistro.
1161 1047 1187 1085 so

104 1143 109 1149 ·
210 1118 346 1199 collutis,
372 1136 463 1198 quam
490 1117 596 1180 Graeci
623 1118 783 1199 diaclysma
811 1127 932 1198 vocant,
965 1118 1080 1179 iaciens
1108 1118 1145 1178 ad

109 1208 256 1272 dentium
277 1206 405 1271 dolores.
442 1207 532 1287 gadas
555 1216 723 1288 quassatas,
752 1207 855 1268 taedae
879 1208 1002 1286 pinguis
1026 1206 1145 1267 astelias

105 1299 291 1360 minutatim
308 1298 427 1378 incisas,
449 1298 608 1375 iusquiami
627 1313 740 1376 semen,
763 1295 883 1356 alumen
903 1295 1035 1374 liparum
1055 1293 1146 1355 simul

103 1385 272 1467 decoques
293 1387 326 1446 in
344 1387 412 1446 vino
431 1387 534 1446 veteri.
565 1387 676 1464 iugiter
698 1383 784 1444 dabis
802 1392 837 1444 ut
855 1383 1002 1463 colluant,
1027 1386 1145 1444 cautius

98 1491 191 1538 vero
219 1492 258 1535 ne
285 1473 357 1554 quid
385 1491 422 1534 ex
448 1474 506 1534 isto
534 1472 650 1552 liquore
680 1472 930 1534 transvorandum
962 1474 1144 1532 existiment.
1160 1487 1186 1526 15

98 1559 176 1625 hoc
200 1571 383 1624 autemnon
406 1562 503 1622 solum
530 1561 663 1622 dolorem
692 1564 807 1641 mitigat
835 1579 942 1622 versum
971 1562 1061 1620 etiam
1086 1562 1144 1639 agi·

96 1658 218 1714 tantes
241 1651 346 1713 dentes
373 1653 477 1712 statutt
504 1650 549 1711 vei
576 1651 741 1712 confirmat.
784 1652 810 1709 si
839 1668 910 1710 vero
942 1648 1061 1710 taedam
1085 1667 1145 1708 non

99 1741 283 1822 inveneris,
305 1741 381 1820 picis
403 1742 501 1800 siccae
524 1739 673 1800 modicum
697 1741 799 1799 mittes
823 1745 855 1799 et
878 1740 983 1799 uteris.

209 1828 288 1890 aliud
315 1827 353 1889 ad
380 1827 486 1888 dentes
513 1829 658 1906 agitantes
686 1836 720 1889 ut
748 1835 862 1887 statuas
896 1825 941 1887 vei
974 1827 1144 1887 confirmes.

156 2112 343 2161 ·1unmero
361 2121 389 2159 c:
408 2120 458 2161 ose.
473 2122 504 2174 p.
577 2106 643 2159 ante
663 2135 697 2144 -
716 2106 797 2173 peste
813 2121 849 2173 p:
868 2119 920 2158 om.
936 2119 950 2156 c
969 2102 1031 2169 (ubi
1048 2105 1099 2170 tpr'
1117 2101 1146 2155 in

115 2193 177 2246 quo
196 2177 224 2232 d.
236 2178 279 2259 p).
352 2181 369 2230 3
387 2174 418 2229 in
436 2191 492 2244 qno
510 2175 606 2230 dolore
626 2192 648 2244 c,
667 2175 697 2228 in
716 2191 774 2243 qua
792 2174 873 2229 dolor
888 2191 919 2243 p.
994 2172 1101 2227 defluat
1115 2190 1145 2241 p.

116 2246 299 2319 4proicsnnt
310 2263 342 2316 p.
432 2245 588 2300 adiumenti
605 2263 628 2301 c.
720 2244 782 2299 osi
796 2262 832 2314 p:
852 2260 903 2300 om.
924 2260 947 2300 c.
1039 2243 1146 2298 liniosi·

98 2319 210 2374 ·tetem
228 2335 251 2374 e
324 2317 504 2373 dhnmorem
523 2317 716 2386 superfluum.
734 2317 888 2385 ..prestat
906 2318 1145 2385 (pfat)p.··÷'t

119 2389 158 2452 sd
175 2405 227 2463 eyn.
245 2406 269 2446 c.
353 2389 429 2444 mole
446 2389 546 2453 iterum
563 2405 596 2457 cp
616 2389 671 2456 (sed
689 2388 771 2455 infra
789 2394 805 2441 9
825 2386 903 2441 mels
921 2389 975 2456 cp).
1073 2385 1146 2440 cari·

121 2476 168 2516 cns
187 2476 210 2517 c.
283 2458 377 2530 sinapi
389 2477 421 2529 p,
440 2461 537 2528 senopi
556 2476 578 2514 c.
665 2459 776 2512 8teres
792 2475 827 2526 p:
846 2459 904 2511 tres
924 2474 947 2512 c.
1035 2455 1145 2510 inducis

121 2530 152 2586 in
165 2548 259 2602 panno
273 2546 315 2605 cp.
387 2528 504 2594 alterins
513 2545 548 2599 p:
566 2529 686 2583 adonius
700 2536 730 2584 οξ
797 2526 993 2598 superinponis
1003 2544 1035 2596 p,
1050 2543 1145 2595 super·

108 2597 203 2671 ‚ponis
226 2619 249 2666 c.
320 2601 415 2656 'st
434 2600 458 2656 si
477 2617 503 2655 c:
531 2600 549 2655 i.
573 2600 592 2654 1’1
616 2600 670 2668 (ut)
688 2598 759 2668 sip.
869 2617 890 2652 s.
910 2598 988 2653 mnia
1013 2597 1145 2667 ineritp.

120 2671 220 2729 dextro
242 2703 276 2717 —
300 2671 413 2728 sinistro
437 2689 464 2726 c:
493 2671 591 2726 dextro
615 2670 751 2740 impones.
794 2669 818 2724 si
846 2669 947 2723 dextra
974 2669 1004 2722 in
1031 2667 1145 2723 sinistro

108 2741 216 2800 'cubito
233 2743 342 2814 ipones.
435 2741 575 2811 luiponis
594 2759 617 2796 c.
711 2747 742 2794 11
763 2739 897 2794 dialisme
915 2757 943 2807 c,
963 2738 1099 2793 diaclima
1114 2756 1144 2808 p.

109 2818 155 2869 '12
169 2812 271 2887 dolore
290 2830 325 2870 c:
385 2816 510 2868 cassatas
528 2831 551 2868 c.
625 2812 690 2866 tede
709 2810 825 2881 pinguis
844 2811 960 2866 estellas
978 2809 1103 2864 minutas
1113 2827 1145 2879 p,

105 2884 247 2957 ftsdasp'
307 2901 338 2940 es
355 2883 519 2940 minutatim
541 2883 643 2938 incisas
663 2900 685 2937 c.
779 2889 812 2935 14
831 2901 852 2937 s.
873 2898 978 2951 coques
993 2898 1024 2950 p.
1116 2890 1146 2934 et

106 2953 380 3026 *iugitercninant-
406 2955 514 3009 cantius
530 2970 675 3022 ne...p.
751 2959 784 3007 15
798 2953 854 3007 isto
866 2971 901 3022 p:
920 2954 976 3007 hoc
991 2969 1015 3007 c.
1087 2955 1146 3006 tra·

107 3027 277 3103 ,stipandum
294 3043 322 3082 c:
341 3025 489 3093 wanted*
509 3028 571 3096 (pro
590 3025 846 3095 transglutiendum
853 3027 877 3094 1)
889 3042 919 3093 p.
997 3030 1030 3076 16
1048 3025 1144 3077 autom

108 3131 149 3173 c:
168 3114 243 3171 enim
260 3097 302 3184 (ὃ,
320 3120 385 3170 om
402 3131 473 3170 corr.
493 3118 519 3181 e)
534 3131 563 3183 p.
637 3114 664 3168 h.
680 3132 704 3168 e.
724 3113 852 3169 dolorem
872 3129 928 3167 non
948 3111 1041 3166 solum
1059 3129 1097 3164 m.
1112 3129 1145 3180 p.

108 3186 244 3269 „agimus
262 3202 303 3268 cp.
328 3234 331 3247 ‚
412 3193 445 3242 17
465 3186 571 3267 statuet
589 3185 635 3239 vei
654 3202 680 3250 c,
700 3185 851 3266 stntnitet
865 3201 897 3252 p.
999 3182 1094 3237 nedem
1118 3201 1143 3248 p.

106 3261 158 3318 ·18
175 3274 240 3328 psce
257 3273 329 3314 sicce
348 3274 375 3323 c,
394 3257 466 3326 picis
485 3257 552 3311 sicci
566 3274 596 3324 p.
706 3256 833 3324 mittasp
853 3257 945 3322 (-tes
966 3255 999 3321 c).
1033 3314 1036 3319 ,
1060 3307 1062 3311 .
1084 3297 1086 3302 .
1114 3261 1144 3306 19

123 3344 245 3416 sgitaies
259 3362 285 3401 c:
300 3346 470 3416 sgittatssp
485 3331 606 3414 (mtis
618 3349 670 3413 ρο).
745 3347 852 3398 statues
863 3344 908 3397 sei
919 3359 942 3409 c,
958 3343 1109 3397 statnssent
1114 3357 1145 3410 p.

174 3443 295 3486 cassius
309 3444 406 3495 Felix,
420 3443 454 3485 ed.
469 3445 497 3483 Υ.
511 3443 576 3483 Rose.
965 3436 982 3484 6
