2512 3908
483 304 543 340 ,-·
592 269 651 334 121
700 305 742 314 -

110 416 250 492 sequitur
277 422 375 473 autem
403 415 435 474 in
461 416 598 494 passione
629 416 808 476 constitutos
835 414 1031 477 articulorum
1060 434 1127 494 per·

110 503 211 562 frictio
235 510 267 561 et
288 504 418 582 parvitas
440 503 558 583 pulsus,
580 505 657 582 iugis
679 505 806 564 vomitus
825 523 895 565 oum
914 506 1127 566 intestinorum

108 597 275 671 tormento,
316 601 347 652 et
380 593 492 651 ventris
524 591 632 651 solutio
664 610 698 650 ac
730 591 874 651 stomachi
907 611 977 653 oum
1005 595 1125 672 pruritu

108 679 233 740 ventris.
285 681 414 740 eflicitur
450 697 486 739 ex
522 679 709 738 antecedenti
740 677 938 758 indigestione
971 690 1024 740 aut
1057 681 1126 742 mali

108 766 315 828 medicaminis
334 774 453 845 accepta
472 769 601 846 potione.
638 775 669 828 et
686 767 785 828 diflert
802 785 819 828 a
838 767 962 849 diarria,
985 772 1154 846 quoniam⁵

109 854 259 917 cholerica
292 857 390 934 passio
418 856 497 916 sicut
528 855 655 915 diximus
682 873 737 934 per
763 864 899 918 ventrem
932 856 1063 918 eflicitur
1095 867 1126 917 et

108 946 223 1004 votuitu
245 942 388 1023 plurimo,
411 941 518 1004 diarria
543 961 613 1003 rero
637 961 704 1004 non.

200 1034 230 1092 in
249 1032 455 1102 curationibus
473 1050 543 1092 vero
566 1031 714 1110 polentam
732 1031 839 1092 elixam
856 1031 983 1093 calidam
1005 1035 1038 1093 in
1056 1031 1124 1094 cibo

107 1119 194 1180 dabis
226 1138 295 1181 cum
322 1122 391 1180 vino
423 1119 531 1181 melino
564 1121 592 1180 id
620 1126 667 1181 est
693 1122 868 1202 granaticio,
900 1129 932 1182 et
961 1119 1017 1181 alia
1047 1124 1124 1200 quae

107 1207 198 1269 simili
220 1211 330 1270 virtute
354 1209 469 1270 valeant
496 1208 679 1269 stomachum
707 1208 902 1270 confortando
930 1226 1069 1271 recreare
1093 1216 1124 1270 et
1138 1221 1166 1262 10

106 1299 188 1358 vires
215 1299 356 1377 potientis
383 1296 532 1376 depositas
559 1299 683 1376 erigere.
724 1296 776 1358 sed
810 1299 836 1358 si
868 1297 947 1359 forte
978 1315 1014 1359 ea
1047 1315 1123 1377 quae

105 1389 259 1465 acceperit
285 1387 406 1446 minime
435 1385 603 1446 stomachus
630 1387 774 1465 tennerit,
802 1385 919 1447 modico
943 1382 1123 1466 (tempore)

104 1477 285 1554 interposito
312 1477 424 1534 iterum
452 1475 576 1535 reficies.
617 1472 673 1534 boc
699 1477 789 1535 tertio
817 1472 864 1535 vel
892 1484 1001 1553 quarto
1032 1475 1124 1536 facies

104 1581 266 1643 quousque
288 1562 459 1624 stomachus
481 1561 589 1641 aliquid
613 1571 803 1642 acceptorum
821 1564 963 1645 retineat,
985 1581 1024 1624 ne
1044 1565 1123 1624 vires

103 1653 289 1731 aegrotantis
308 1653 424 1712 minuto
448 1653 581 1730 corporis
600 1653 782 1712 nutrimento
801 1653 1000 1713 insumantur.
1033 1652 1122 1713 etiam
1137 1664 1164 1705 1⁵

103 1750 138 1801 et
165 1741 351 1800 summitates
383 1757 523 1800 manuum
546 1758 581 1799 ao
607 1739 715 1818 pedum
739 1728 904 1820 constringi
927 1738 1060 1821 iubebis,
1092 1749 1123 1802 et

101 1828 248 1889 articulos
281 1829 387 1907 pannis
420 1827 522 1888 calidis
553 1827 706 1889 calefacies
738 1836 768 1889 et
794 1826 860 1889 lana
890 1827 972 1890 molli
999 1836 1122 1909 opertos

101 1915 232 1998 tutabis,
264 1926 296 1976 et
328 1919 353 1976 si
385 1919 508 1977 nimium
536 1918 664 1977 senserit
691 1918 903 1978 intestinorum
928 1925 1122 1999 tormentum,

101 2007 247 2085 spongiis>
259 2003 374 2065 duabus
388 2022 424 2065 ex
439 2003 532 2066 calida
549 2023 637 2084 posca
657 2006 806 2085 expressis
824 2005 938 2068 alterna
956 2008 1121 2066 mutatione

99 2092 280 2155 umbilicum
309 2092 463 2173 vaporabis
491 2102 522 2153 et
548 2101 615 2172 post
641 2095 863 2174 vaporationem
890 2093 966 2155 lanis
993 2112 1031 2155 ex
1054 2092 1163 2154 oleoto

102 2182 216 2243 melino
239 2182 339 2261 tepido
363 2184 481 2260 operies
504 2190 532 2242 et
557 2179 702 2243 fasciabis.
738 2184 812 2242 etsi
834 2184 973 2244 nimietas
991 2184 1121 2244 vomitus

100 2273 254 2350 coegerit,
282 2268 467 2331 cucurbitam
496 2269 639 2332 staltioam
670 2268 700 2330 id
728 2278 775 2331 est
800 2272 1042 2332 constrictoriam
1074 2273 1121 2330 ori

99 2362 218 2420 ventris
242 2358 473 2439 conglutiuabis,
495 2367 526 2420 et
548 2359 704 2420 omfaoium
723 2376 793 2420 oum
814 2357 908 2421 calida
926 2376 1004 2438 aqua
1027 2357 1120 2420 dabis.

99 2459 135 2509 et
177 2450 203 2508 si
244 2446 340 2507 adhuc
381 2445 464 2508 cibos
502 2449 622 2508 minime
663 2449 794 2508 tenuerit
834 2446 1020 2529 stomachus,
1061 2449 1120 2508 erit

178 2678 190 2725 1
212 2670 398 2741 con(9)fn'etio
417 2689 448 2741 e,
466 2667 627 2741 perfricatio
641 2685 672 2738 p.
760 2677 777 2724 t
796 2686 860 2724 oum
879 2686 931 2727 ont
950 2685 979 2740 c,
999 2671 1050 2726 ubi
1066 2671 1119 2727 int

99 2744 285 2798 tormentum.
362 2749 431 2797 tce
451 2758 478 2797 c:
497 2744 574 2811 etp.
646 2739 854 2810 opotionssee
874 2744 906 2796 ta
914 2757 946 2811 p.
1021 2747 1119 2798 livero

99 2830 154 2869 ons.
178 2830 200 2868 e.
291 2813 438 2883 polentem
461 2812 615 2882 (pulentnm
637 2812 664 2881 e)
687 2810 792 2866 elixum
818 2759 943 2866 minum
968 2828 1010 2882 op.
1102 2819 1119 2868 9

98 2883 220 2939 mellino
234 2901 270 2953 p,
290 2883 395 2940 melino
414 2901 437 2939 e.
517 2881 672 2954 granotioio
687 2899 721 2952 p:
740 2897 830 2952 grans
846 2881 960 2938 triticeo
978 2899 1001 2938 o.
1085 2891 1119 2941 10

99 2954 189 3010 simili
208 2959 254 3008 md
275 2958 319 3023 (.-·
338 2955 433 3022 modo)
457 2954 559 3009 virtute
582 2971 604 3008 c.
713 2958 745 3006 12
769 2952 899 3008 dennerit
919 2953 985 3022 (sic)
1002 2969 1029 3010 c:
1051 2954 1119 3010 reti·

100 3027 233 3095 nneritp
250 3027 297 3092 (of.
316 3042 341 3080 o.
360 3031 418 3094 24).
499 3024 609 3080 modico
628 3027 673 3091 (se.
691 3025 828 3094 tempore)
846 3024 888 3080 sic
904 3039 947 3093 cp.
1022 3031 1055 3080 13
1073 3041 1118 3080 re·

99 3097 163 3151 ficis
181 3098 235 3161 (aie
248 3105 283 3167 p)
300 3128 334 3136 —
354 3097 411 3165 (11)
430 3095 617 3151 retinentem.
636 3113 659 3150 o.
781 3091 962 3164 1t<s1iquid
981 3095 1047 3151 odd.
1062 3096 1119 3166 1⁹⁰>

99 3167 135 3236 ut
152 3169 215 3232 (del.
236 3173 354 3239 corr.)p
373 3169 520 3228 secentott
534 3184 564 3236 p.
637 3172 670 3220 lb
684 3164 873 3234 egrotantinm
887 3180 909 3222 c.
983 3166 1071 3222 otiam
1089 3167 1119 3221 et

101 3238 130 3292 in
146 3256 182 3308 p,
205 3238 310 3294 etenim
328 3241 358 3293 et
371 3256 392 3294 c.
485 3244 517 3292 16
536 3233 702 3306 constringi:
720 3236 756 3302 cs.
774 3235 836 3291 dat.
856 3235 918 3304 XI,
937 3241 975 3292 50
992 3237 1118 3307 (διαδεῖν

99 3311 158 3365 soil.
174 3316 290 3379 propter
307 3310 491 3364 enasseulorum
509 3308 712 3363 contractiones.
743 3306 803 3362 Aer.
822 3312 841 3362 9
845 3347 856 3374 ,
873 3311 921 3363 12.
939 3311 985 3364 13.
999 3323 1032 3378 p.
1052 3311 1116 3362 645.

99 3381 287 3450 54611191).
370 3378 732 3435 saecularissimo.
813 3380 843 3432 et
862 3392 914 3433 orn.
928 3394 960 3448 p.
1033 3379 1117 3448 optes

100 3451 188 3506 tutari
206 3453 270 3520 (sio)
288 3468 314 3506 e:
333 3467 383 3507 orn.
399 3469 429 3520 p.
514 3449 725 3505 recesserita:
749 3447 900 3504 sumserint
913 3465 946 3519 p.
1033 3454 1066 3502 tl
1087 3451 1118 3504 et

99 3523 198 3592 tepido
213 3540 243 3592 p.
317 3522 408 3591 operis
425 3539 466 3591 ep.
539 3527 572 3575 tt
591 3520 712 3575 tennerit
730 3537 756 3575 o:
779 3517 926 3576 retinuerit
943 3536 972 3589 p.
