2512 3908
502 243 739 308 -127-

109 387 250 448 balaustii
281 387 303 453 5
334 385 368 450 X.
415 387 563 468 colligitur
592 389 658 448 vino
691 390 820 469 myrtino
848 398 881 451 et
907 390 1030 451 inicitur
1058 407 1129 451 cum

109 476 285 536 decoctione
312 475 380 538 rubi
408 485 459 538 aut
480 485 594 556 myrtae
616 484 668 538 aut
690 476 758 538 mali
785 482 902 557 granati
930 478 1053 539 corticis
1076 488 1129 539 aut

109 581 196 624 rosae
225 565 321 626 siccae
349 574 400 627 aut
421 583 571 626 ramorum
594 565 717 643 siliquae
744 581 878 642 graecae.
921 566 1073 646 decoques
1095 569 1127 628 in

107 654 178 713 uino
209 662 240 714 ot
277 671 354 733 aqua
389 653 557 733 singillatim
589 662 640 712 ant
675 651 764 713 simul
800 655 832 713 in
864 671 940 734 uno,
977 663 1009 714 et
1040 673 1125 735 prae·

109 743 258 820 vaporatis
276 740 411 821 partibus
429 741 542 802 alterna
560 743 723 802 mutatione
742 743 950 823 spongiarum,
969 745 1153 821 suppositos

108 827 249 891 clunibus
277 828 427 910 cervicali,
454 831 558 891 inicics
585 847 639 910 per
666 838 787 892 enetcra
815 832 846 892 id
874 841 922 892 est
950 829 1052 891 tibiam
1081 832 1126 891 in·

106 919 262 978 iectoriam
294 916 396 979 multis
428 918 593 980 cavernulis
628 918 810 998 perforatam
846 937 923 998 qnae
958 918 1126 998 appellatur

106 1005 280 1085 polytretos.

198 1093 352 1175 collyrium
367 1097 609 1177 suppositorium,
621 1094 701 1174 quod
710 1094 817 1156 Gracci
832 1092 996 1177 ypotheton
1009 1105 1125 1178 vocant,

107 1183 290 1245 conveniens
308 1185 334 1244 is
352 1185 477 1244 maxime
496 1185 547 1263 qui
570 1185 720 1264 frequenti
737 1184 906 1245 deiectione
925 1183 1124 1245 assellationis
1138 1200 1165 1241 ιο

106 1271 258 1350 surgendo
286 1272 455 1351 fatigantur.
497 1290 634 1333 somnum
660 1273 771 1334 etenim
791 1280 955 1354 provocat,
987 1282 1124 1333 ventrem

105 1357 237 1420 abstinet
259 1366 290 1422 ot
312 1361 442 1440 quietam
466 1369 583 1423 noctem
606 1359 773 1422 laborantes
797 1361 928 1422 transire
951 1360 1031 1422 facit.
1076 1378 1123 1422 ac·

104 1448 179 1526 cipit
197 1455 296 1510 autem
314 1451 395 1510 croci
414 1451 538 1529 styracis
558 1467 675 1510 murrae
693 1451 822 1511 castorei
840 1450 967 1531 acaciae,
988 1450 1122 1510 omnium
1172 1440 1180 1450 ’

104 1533 130 1592 V
152 1534 174 1601 ὃ
196 1535 341 1619 singulas,
363 1539 440 1598 turis
462 1537 585 1600 masculi
606 1535 628 1604 5
651 1536 700 1599 lli.
737 1555 810 1600 suco
835 1537 1016 1619 plantaginis
1039 1536 1122 1598 colli·

104 1625 186 1703 gitur
209 1631 241 1686 et
262 1625 338 1687 flunt
360 1624 481 1706 collyria
503 1625 653 1706 sublonga.
989 1622 991 1626 ’
1136 1640 1163 1682 ιο

195 1712 229 1774 ad
263 1712 463 1775 exclusionem
491 1713 651 1795 longaonis.
700 1716 797 1777 erices
825 1732 935 1796 carpu,
966 1712 1122 1796 gullarum,

178 2006 416 2064 riuvinumc.
524 2009 604 2064 tvai
621 2009 733 2081 mulip.
838 2009 958 2065 cortices
976 2024 1002 2078 a,
1022 2015 1119 2078 -cp

102 2078 264 2147 caecoque
282 2079 358 2149 (-q)
372 2095 404 2149 p,
476 2078 675 2150 lsinguluiim
689 2096 731 2149 cp.
804 2079 988 2151 tsubposito
1006 2093 1029 2135 c.
1103 2085 1119 2134 6

103 2147 231 2204 cruribus
249 2165 271 2205 c.
355 2149 563 2221 ptibienethers
576 2151 714 2222 p,pt'1b1
731 2168 747 2216 a
766 2151 818 2220 (st)
838 2151 925 2206 edera
942 2167 958 2206 e
975 2149 1060 2218 (aude
1078 2149 1119 2204 ia·

101 2225 201 2274 tentem
212 2235 269 2276 occ.
283 2219 385 2276 tibiam
399 2224 559 2290 transposui
571 2227 635 2291 post
651 2222 715 2278 ὀι-
725 2221 756 2276 id
770 2225 821 2277 est.
842 2221 879 2288 cf.
892 2220 1021 2276 uuliscmr
1035 2236 1120 2288 quem

103 2306 155 2346 nos
173 2290 274 2346 tibiam
292 2290 386 2347 dicere
402 2290 558 2362 poterimus
578 2292 649 2349 θοοὶ.
663 2309 694 2376 p.
714 2294 788 2362 191).
897 2290 1077 2347 iniecton'um
1095 2307 1119 2360 c,

103 2361 183 2417 -ris
200 2378 231 2432 p.
291 2431 298 2445 ο
340 2362 476 2418 tmultis
494 2393 528 2404 -
547 2365 586 2447 lt)
604 2362 750 2419 Collinum
771 2379 824 2419 om.
843 2379 866 2418 e.
975 2361 1120 2433 perforata

101 2449 226 2570 ἓῃῗὶοὶζ
240 2431 477 2574 ἵξιῗῒῖἓομιο.
496 2436 672 2563 epomis?
691 2432 950 2576 qfiypptppopmqp
968 2433 1119 2559 putqqque,

102 2567 287 2645 ἦπολλύοιοο
305 2581 373 2644 eta),
464 2580 498 2629 10
515 2578 547 2631 et
563 2592 641 2632 cons.
654 2592 686 2646 p.
772 2592 796 2631 c.
815 2573 939 2630 maxims
956 2573 1004 2630 his
1022 2573 1117 2656 quip.

100 2645 140 2699 is:
159 2644 203 2700 his
221 2661 263 2715 cp.
355 2652 387 2700 11
406 2646 574 2716 resurgendo
592 2663 620 2716 p.
711 2652 744 2702 12
762 2644 868 2702 retinet
880 2661 913 2716 p.
996 2645 1117 2701 transtro

100 2715 172 2771 facit
188 2733 225 2787 p:
240 2761 247 2773 .
262 2715 377 2788 .1lfcere
400 2717 445 2772 fac
470 2717 528 2787 (red
548 2721 689 2773 mutatac
711 2719 743 2773 ts
765 2717 822 2787 l)c
844 2717 904 2785 (abi
925 2715 985 2771 scal.
1007 2715 1118 2786 primae

100 2787 222 2854 litterae,
239 2787 259 2842 ι’.
274 2805 297 2844 e.
309 2803 403 2843 sasas
411 2789 598 2858 praecedentis
610 2788 737 2856 mimae,
754 2788 808 2858 legi
820 2803 897 2842 nunc
909 2801 969 2842 nore
977 2787 1116 2856 potaron).

99 2858 213 2928 Accipit
230 2859 325 2914 autem
343 2875 370 2914 c:
389 2861 416 2925 in
428 2877 460 2929 p.
533 2865 566 2914 18
580 2858 689 2915 stiracis
707 2875 731 2927 c,
748 2856 868 2914 storacis
879 2874 911 2928 p.
984 2857 1070 2912 mirre
1083 2872 1116 2927 p,

99 2928 170 2984 miro
189 2945 211 2985 c.
324 2929 449 2985 omnium
471 2934 519 2987 etc.
538 2931 604 2986 baec
624 2931 688 2986 dedi
709 2945 744 2986 ec
766 2945 788 2984 c.
827 2945 894 2984 aum
911 2928 982 2983 mire
999 2927 1117 2996 confusa

100 3004 226 3069 (propter
242 3000 314 3056 turis
332 3001 450 3056 masculi
472 3006 566 3057 uotam
583 3001 728 3072 duplicare)
741 2999 857 3072 praebet
875 3016 898 3070 p
918 3000 995 3068 (post
1012 2996 1115 3082 acatis)

98 3071 178 3126 baec:
194 3070 388 3142 ypoquistidos
405 3071 472 3127 suci.
507 3070 567 3143 pini
586 3072 679 3127 cortic
707 3069 798 3127 thuris
816 3072 887 3127 miri.
901 3073 946 3124 οῦ.
960 3076 979 3135 3
993 3068 1015 3127 1.
1034 3085 1116 3139 puris

98 3142 225 3212 pondera
247 3141 341 3213 collig.
366 3160 430 3198 cum
453 3159 519 3199 suco
542 3143 608 3213 plau
661 3142 667 3156 '
690 3141 713 3198 's
731 3142 762 3198 et
780 3141 827 3197 fue
846 3138 958 3198 collirio
975 3139 1116 3211 sublonga

98 3211 258 3268 coniectum
279 3212 389 3269 leuibus
408 3230 558 3284 apponens.
594 3231 644 3296 pre
656 3214 705 3270 oto
723 3212 786 3285 ipso
803 3212 946 3285 longuons
964 3226 1020 3267 uno
1038 3208 1114 3293 bono

99 3282 265 3341 subaustero
288 3288 340 3340 aut
359 3284 471 3340 lentisci
493 3285 540 3341 rel
562 3301 646 3339 mrrrs
674 3283 847 3354 decoctione.
891 3281 1003 3337 addunt
1027 3283 1115 3336 strum

97 3352 197 3424 gallus.
233 3371 368 3411 cerasum.
402 3356 522 3411 seatium
542 3355 702 3426 supradicto
724 3355 858 3426 pondere.
933 3359 967 3408 16
985 3351 1057 3407 ι’ἀοοι
1075 3358 1116 3407 est

97 3421 130 3478 τὸ
154 3420 292 3496 ἡμέτερον
314 3422 384 3497 πρὸς
407 3422 474 3489 τοὺς
496 3429 704 3495 προπίπτοντας
725 3421 833 3496 ἀρχούς
855 3441 902 3496 ap.
926 3422 991 3480 (tat.
1011 3422 1114 3490 XIII,

96 3500 153 3551 313
175 3492 297 3566 (ἐρείνης
319 3498 429 3565 καρποῦ
448 3500 507 3567 ele.)
525 3505 550 3554 et
568 3500 628 3555 ,aa
642 3503 691 3565 14,
711 3503 728 3553 7
742 3501 856 3567 11842.
