2512 3908
506 262 722 326 ..23-

399 475 482 538 XVI.
518 474 566 536 Ad
588 460 821 557 pruriginem.
858 438 862 445 Ι

198 602 385 682 Pruriginem
412 619 531 663 omnem
557 601 662 662 Gracci
689 618 872 661 cnesmonen
904 611 1020 663 vocant.
1074 620 1125 662 na·

107 693 204 754 scitur
226 710 263 753 cx
285 690 422 752 acredine
444 690 612 750 humorum.
647 696 806 768 propterea
829 689 875 749 lac
895 692 1046 752 asininum
1070 710 1125 754 seu

108 779 230 842 ovillum
256 781 356 840 ieiuno
382 779 467 857 potui
493 775 578 838 dabis
605 794 674 838 cum
699 776 795 839 melle.
837 778 927 838 etiam
950 785 982 838 et
1012 797 1124 860 sapone

106 872 138 931 in
170 867 276 930 balneo
308 867 415 945 uteris,
446 867 531 928 cuius
559 866 706 927 confectio
739 865 807 926 talis
838 873 893 926 est
945 868 1030 950 nitri,
1063 869 1151 929 sul-s
1178 910 1180 914 Α

107 957 213 1038 phuris
249 956 322 1037 viri,
357 972 467 1016 nucum
503 954 666 1036 aridarum,
701 953 795 1033 adipis
833 956 966 1034 porcini,
1003 959 1125 1036 saponis

106 1044 219 1125 gallici,
254 1046 313 1123 apii
351 1042 454 1103 viridis
485 1040 623 1103 loliorum
654 1045 736 1122 paria
767 1041 914 1122 pondera:
952 1043 1045 1105 iacies
1079 1064 1124 1106 sa·

106 1151 217 1213 ponem
241 1140 271 1193 et
293 1131 387 1192 uteris
408 1132 440 1191 in
462 1129 576 1192 lavacro
599 1130 733 1192 ferventi.
1115 1155 1118 1162 ·

196 1219 276 1282 aliud
307 1217 343 1279 ad
375 1220 525 1299 pruritum
556 1220 648 1280 totius
684 1221 827 1300 corporis.
878 1237 970 1300 cepae
1007 1221 1123 1304 sardae,

105 1317 207 1370 cretae
231 1307 380 1389 cimoliae,
408 1307 524 1368 laecum
546 1308 606 1368 vini
633 1314 818 1387 exustarum,
847 1308 1031 1389 myrobalani
1059 1313 1122 1389 pie·
1138 1323 1164 1363 ro

106 1406 218 1459 smatos
245 1394 346 1456 idest
371 1397 585 1478 expressionis,
611 1397 744 1456 omnium
775 1397 945 1475 specierum
979 1406 1105 1478 quattuo

105 1488 189 1566 paria
211 1485 342 1565 pondera
365 1481 571 1545 commiscebis
593 1491 624 1545 et
649 1485 752 1545 uteris.
1073 1510 1095 1526 ν

141 1595 144 1599 ’
177 1571 275 1634 *aliud
293 1572 328 1632 ad
349 1573 502 1634 universos
520 1573 663 1651 pruritus.
695 1573 806 1634 sivero
821 1572 972 1634 ferventes
995 1573 1122 1654 papulae

104 1668 320 1743 prorumpunt,
351 1658 434 1721 sabae
465 1659 597 1743 pollinis,
629 1657 804 1744 [ptisanae],
838 1661 978 1742 polygoni
1009 1661 1122 1724 herbae

104 1750 214 1812 radicis
237 1750 334 1811 siccae
356 1757 454 1831 tusae,
481 1757 579 1810 cretae
603 1748 736 1811 cimoliae
763 1750 958 1832 torrefactae,
986 1753 1122 1812 omnium
1137 1763 1162 1805 1⁶

104 1841 274 1919 specierum
300 1836 356 1898 llll
382 1849 418 1900 ÷
439 1836 537 1920 binas,
567 1837 704 1900 afronitri
729 1840 808 1900 turis
835 1838 960 1901 masculi
987 1833 1121 1920 singulas

103 1940 140 2009 7:-
163 1927 303 1989 conficies
326 1934 356 1988 et
378 1927 473 1987 uteris
494 1928 526 1987 in
548 1924 663 1987 balneo.
698 1929 828 2007 accipies
847 1946 884 1989 ex
905 1929 975 2007 ipso
996 1928 1121 2008 pulvere

105 2017 305 2078 sufficientem
331 2013 450 2075 modum
473 2023 504 2076 et
526 2033 563 2076 ex
585 2017 632 2077 ori
654 2014 754 2077 albore
777 2033 976 2096 conspersum
998 2018 1122 2097 corpori

175 2309 217 2365 tit.
245 2308 291 2362 Ad
315 2324 342 2364 cx
369 2307 474 2364 Contra
502 2325 534 2379 p.
639 2315 656 2362 2
681 2324 806 2364 omnem=
835 2325 932 2364 omnes
960 2325 986 2377 c,
1012 2325 1063 2365 om.
1087 2327 1125 2379 p:

104 2395 284 2436 cnesmonene
302 2380 517 2436 heneemoncam
531 2395 554 2448 c,
567 2378 745 2435 henesionem
749 2396 774 2449 p
786 2379 862 2447 (sort.
877 2395 911 2436 ec
924 2380 1120 2450 hresmonen).

102 2456 191 2507 iseo
208 2466 236 2506 c:
254 2449 312 2505 sive
326 2467 357 2519 p.
441 2449 595 2506 covinum
613 2466 639 2506 ce
657 2449 772 2506 ovinum
785 2467 825 2520 p·
889 2449 985 2507 ieiuno
1003 2451 1120 2522 potabis

104 2523 166 2593 (sic)
183 2538 248 2577 cum
265 2520 349 2576 melle
367 2537 396 2577 c:
419 2538 482 2577 cnm
499 2520 585 2604 melle
601 2519 696 2605 ieiuno
713 2521 871 2606 podendum
889 2520 1016 2606 dnbisy.
1090 2526 1120 2578 et

101 2608 201 2719 ⁰32·st
245 2591 742 2732 sspgnilsuos(cr²nffi⁹f⁸pffi1(iutbsk
751 2591 913 2730 'gemmei
927 2591 1046 2731 {gaiis
1066 2591 1120 2718 ⁷8:
1173 2631 1176 2637 ,

101 2733 174 2789 iscis
191 2750 234 2804 cp.
323 2737 339 2787 9
357 2748 443 2803 cepae
461 2734 509 2801 (cf.
526 2731 602 2790 Plio.
621 2737 671 2800 19,
692 2737 746 2788 101
764 2748 828 2788 cum
844 2736 899 2798 20,
916 2736 978 2800 41):
1006 2733 1076 2789 Cere
1094 2750 1118 2802 e,

101 2807 178 2861 terre
187 2821 218 2875 p.
292 2808 325 2858 10
335 2804 439 2859 creles:
452 2805 512 2858 tere
525 2820 548 2872 c,
560 2805 635 2859 terre
644 2820 674 2873 p.
751 2800 887 2872 quimolie
901 2819 925 2872 c,
939 2802 1076 2872 quimulie
1085 2822 1117 2875 p.

101 2875 196 2931 iocum
217 2913 225 2928 .
245 2916 252 2931 .
271 2875 429 2930 exutarum
452 2891 479 2930 c:
507 2873 576 2929 fecis
594 2913 602 2928 .
621 2918 629 2933 .
647 2875 743 2930 exuste
761 2892 792 2944 p.
898 2873 1067 2930 mirobelsni
1094 2893 1119 2945 c,

101 2943 202 3001 mirob’
215 2962 247 3015 p.
351 2950 383 2998 11
403 2944 528 3000 omnium
545 2960 572 3000 ce
593 2945 695 3001 harum
711 2961 743 3016 p.
854 2949 887 2997 12
906 2946 1072 3002 commisces
1085 2964 1118 3018 p,

103 3015 179 3072 -cis
196 3032 220 3072 e.
311 3021 415 3071 14-16
433 3015 499 3071 fabe
514 3015 635 3087 pollines
652 3013 790 3100 poligomi
810 3013 899 3070 herbe
916 3015 1025 3072 radices
1043 3016 1118 3074 sicce

102 3089 134 3143 et
158 3089 223 3142 tuse
250 3088 280 3142 et
304 3088 380 3141 crete
405 3089 435 3141 et
459 3089 519 3142 tere
544 3086 678 3157 quimolre
703 3088 764 3142 tere
791 3085 868 3141 laete
891 3077 950 3141 offl
968 3087 1119 3158 (omnium)

100 3156 257 3284 meroem
271 3156 488 3284 &0212in
504 3174 540 3284 zi
554 3153 982 3298 {ergoffilqmzoflieuetogvemfogctgt
1005 3156 1118 3285 pm

101 3299 227 3354 omnium
244 3300 272 3366 ἡ
290 3299 324 3354 11.
338 3316 369 3370 p.
459 3305 493 3354 16
516 3297 622 3355 affoitri
637 3314 674 3369 p,
696 3297 814 3354 alorscii
831 3314 854 3355 c.
945 3298 1071 3368 singulas
1089 3317 1117 3357 r:

101 3374 147 3425 sai.
165 3372 193 3438 -;-
210 3370 231 3424 1.
246 3387 278 3440 p.
370 3377 402 3426 17
420 3368 532 3427 conficis
550 3386 591 3440 cp.
668 3369 813 3439 pulverem
832 3368 1008 3425 reficientem
1026 3370 1117 3426 modi·

101 3457 166 3495 cum
179 3458 210 3510 p.
303 3441 406 3497 litori
427 3456 477 3497 om.
496 3458 528 3510 p.
616 3455 796 3510 conspersum
814 3440 925 3511 corpori
943 3439 1010 3495 linis
1034 3457 1061 3509 c,
1087 3445 1118 3497 et

100 3528 229 3581 sperem
248 3514 273 3582 (7
292 3511 363 3583 ipio)
386 3529 486 3582 corpus
508 3510 595 3594 illinis
614 3527 645 3580 p.
