2506 3908
519 204 737 270 ..31-

113 356 179 429 tur,
201 355 243 409 «et
262 348 315 412 ¹sic
341 347 517 409 tenuissime
550 357 633 410 creta
663 358 694 412 et
724 350 756 412 in
784 370 845 440 uno
874 355 1035 414 commixta
1068 362 1137 419 usui

113 442 316 498 reservantur.
698 472 700 476 -
1117 455 1129 463 -

375 561 517 676 xxxvii.
534 572 536 579 Ι
554 584 603 658 Λᾶ
625 562 875 676 synancbicos.

121 740 124 744 ’
153 755 167 809 ,¹
183 720 392 804 ·›Synancbica
418 720 511 799 igitur
538 721 636 800 passio
660 737 769 781 nomen
791 724 907 802 accepit
929 722 966 782 ab
992 743 1027 785 eo
1055 727 1135 806 qnod

113 812 207 874 nimio
230 818 349 873 tumore
372 809 553 870 summitatis
578 807 665 889 gulae
688 807 734 870 vel
759 810 890 872 faucium
914 813 975 872 sive
999 811 1163 876 iocorurns

113 899 225 981 quibus
244 898 432 959 =nutrimenta
453 904 702 978 transvorsum,
730 900 856 960 interius
879 908 968 979 atque
992 904 1136 982 exterius,

112 1007 184 1051 cum
206 985 382 1048 difficultate
406 984 614 1047 transvoraudi
636 986 887 1064 praefocationem
909 988 999 1050 iaciat
1017 998 1136 1052 acutam

111 1085 145 1139 et
161 1077 273 1155 iugiter
287 1076 481 1156 spirationem
500 1072 683 1153 patientibus
696 1084 786 1154 neget
800 1106 840 1119 —
857 1094 926 1136 nam
943 1076 1050 1138 Graeci
1065 1096 1136 1140 con·

112 1166 229 1228 tinuam
252 1162 298 1226 vel
320 1165 422 1244 iugem
438 1164 548 1243 syneci
570 1161 731 1244 appellant,
753 1171 788 1224 et
802 1164 948 1226 similiter
971 1175 1006 1227 nt
1028 1165 1135 1245 laqueo

111 1252 315 1334 strangulatos
337 1251 500 1313 interliciat
522 1249 703 1332 laborantes,
727 1254 819 1314 cuius
847 1253 946 1333 laquei
973 1255 1136 1335 suspendia
1151 1270 1182 1308 to

107 1341 220 1404 'Graeci
234 1339 386 1402 anchoras
398 1348 520 1422 uocant,
538 1340 619 1402 unde
637 1341 747 1401 iterum
766 1341 944 1421 synancbioa
963 1344 1063 1422 passio
1082 1361 1134 1404 no·

110 1432 257 1493 minatum·
283 1436 317 1490 et
335 1437 407 1491 sunt
424 1428 609 1491 differentiae
628 1431 775 1510 passionis
791 1429 876 1492 duae.
914 1449 973 1491 ona
993 1441 1040 1493 est
1058 1449 1135 1511 qnae

70 1543 72 1547 ⁴
102 1538 183 1581 rcnm
201 1520 317 1599 ingenti
330 1526 455 1579 tumore
469 1535 560 1598 supra
579 1517 726 1579 dictorum
746 1517 881 1581 locorum
899 1519 1013 1581 visibus
1041 1523 1134 1581 mani·

104 1608 248 1688 ‘testatum
270 1605 327 1667 alia
346 1624 417 1667 vero
435 1624 512 1685 quae
531 1609 595 1668 sine
614 1605 675 1668 ullo
695 1615 812 1668 tumore
831 1609 971 1690 eflicitur,
995 1608 1135 1670 sensibus

111 1696 305 1777 cognoscitur
322 1702 445 1756 tantum
468 1692 537 1756 cum
554 1697 682 1757 minime
705 1704 736 1756 et
758 1695 920 1757 difficulter
944 1707 1134 1758 transvorare
1150 1709 1176 1749 1⁵

102 1786 268 1866 coeperint
294 1791 492 1864 aegrotantes.
543 1786 638 1864 ipsam
665 1784 794 1864 denique
817 1794 935 1846 veteres
965 1787 1135 1865 passionem

110 1875 247 1954 peiorem
269 1879 360 1952 atque
383 1874 502 1934 noxiam
524 1874 708 1954 adseverant,
731 1874 878 1953 siquidem
903 1874 939 1934 ad
961 1873 1134 1954 pulmonem

106 1963 202 2024 iaciat
223 1960 390 2022 decursum
418 1969 455 2022 et
480 1964 569 2023 tertia
599 1961 646 2022 vel
681 1971 786 2040 quarta
823 1963 871 2023 die
904 1964 1135 2042 praelocutionis

102 2054 229 2131 ingerat
246 2067 376 2112 necem.
428 2051 575 2130 contingit
605 2059 705 2112 autem
732 2051 830 2112 medio
855 2048 963 2112 aetatis
998 2060 1135 2130 tempore

111 2137 292 2221 corporibus
315 2139 467 2218 frequenti
490 2147 607 2201 catarro
630 2142 795 2220 temptatis,
818 2141 891 2201 item
915 2159 951 2200 ex
974 2139 1135 2200 vinolentia
1150 2153 1177 2192 eo

112 2228 160 2290 val
183 2229 290 2290 nivatis
315 2227 488 2309 potionibus
511 2237 563 2289 aut
585 2229 611 2288 si
634 2229 701 2306 quis
724 2237 792 2308 post
815 2229 1040 2308 perfrictionem
1066 2246 1136 2288 cou-

113 2324 231 2399 ceptam
254 2317 418 2397 derepente
442 2316 545 2378 calidis
568 2318 657 2377 nimis
680 2335 753 2377 usus
777 2317 868 2377 luerit
892 2317 1024 2377 lavacris.

122 2521 125 2527 .
146 2500 151 2509 =
184 2468 263 2525 ano
282 2467 431 2524 sinancicis
443 2485 470 2553 9,
488 2469 535 2524 Ad
547 2468 700 2525 sinsnbicos
720 2465 776 2524 csm
795 2476 829 2524 37
849 2487 864 2524 c
882 2469 937 2537 (Ad
956 2469 1135 2524 sinanchicos

99 2541 179 2597 ind.
188 2542 237 2611 p),
260 2539 303 2595 Da
321 2538 473 2597 -disinteno
494 2541 536 2596 oic
557 2557 581 2611 p
603 2540 752 2609 (dusntica
775 2541 860 2596 ado.
879 2545 948 2608 49ο
971 2542 1003 2594 in
1026 2545 1134 2609 ortorp).

111 2610 237 2682 ligitur
252 2627 285 2681 ga
308 2612 405 2666 summ
423 2626 452 2678 c,
469 2626 521 2668 ont.
532 2629 567 2682 p.
675 2617 691 2666 o
710 2610 830 2666 nimium
847 2614 973 2666 tumores
991 2627 1023 2680 9,
1047 2610 1135 2665 nimio

110 2684 224 2738 tumore
246 2698 276 2752 c,
300 2699 364 2738 cum
387 2699 415 2736 n.
432 2683 454 2738 t.
494 2725 500 2738 .
541 2720 543 2731 ,
608 2681 732 2738 tuomum
755 2683 890 2738 locorum.
933 2682 993 2736 sive
1018 2682 1089 2750 (siue
1109 2685 1134 2747 ci

106 2751 274 2823 quibus-pc,
291 2751 418 2808 faucium
435 2699 492 2809 vel,
500 2753 627 2810 locorum
649 2752 750 2823 quibus
765 2770 795 2823 p.
906 2760 920 2806 7
941 2752 1012 2807 iacit
1031 2753 1087 2820 (fac
1108 2755 1133 2821 c)

110 2840 153 2894 9ο,
170 2822 304 2892 faeiatp.
377 2827 394 2877 8
412 2822 517 2895 iugiter
535 2842 576 2895 sp.
595 2841 642 2894 cp:
660 2824 764 2893 iugiter
783 2825 842 2879 sira
861 2823 1024 2878 continuam
1044 2842 1087 2892 sp.
1106 2842 1135 2891 9.

111 2900 128 2949 9
148 2894 265 2950 sinecim
282 2910 333 2964 pp,
357 2893 457 2950 mobis
480 2911 503 2951 c.
610 2897 726 2964 loqueos
749 2895 941 2964 transgulabos
963 2911 993 2963 9,
1018 2895 1135 2962 laqueos

112 2963 316 3036 stranguilstos
335 2981 357 3020 c.
433 2971 466 3021 10
479 2965 630 3023 interficiat
648 2983 675 3022 c:
696 2966 770 3020 -cit
787 2983 832 3035 99.
909 2972 940 3018 11
956 2981 1079 3019 ancones
1093 2982 1134 3032 9ο,

110 3037 253 3094 enthonss
265 3053 299 3106 p.
379 3034 482 3092 iterum
499 3053 547 3108 pce
565 3052 616 3094 ooo.
631 3053 662 3108 p.
747 3036 889 3091 sinancioo
907 3053 958 3106 99,
980 3036 1093 3090 -thioo
1112 3052 1135 3090 c.

112 3114 148 3164 tt
165 3125 187 3164 s.
204 3109 320 3166 tantum
338 3107 517 3178 cognoscitur
536 3124 577 3178 cp.
679 3114 711 3164 ta
730 3108 818 3162 iaciat
835 3126 865 3177 p:
884 3107 928 3162 iai
946 3123 987 3176 cp.
1087 3104 1135 3160 ΙΙΙ.

109 3179 166 3237 val.
179 3178 252 3235 ΙΙΙΙΙ.
272 3195 317 3249 cp.
428 3185 461 3234 la
483 3178 588 3235 inierat
613 3195 637 3236 c.
744 3185 778 3232 20
802 3183 913 3234 ostano
935 3194 966 3246 9,
991 3179 1089 3232 cataro
1113 3193 1135 3231 c.

110 3249 241 3309 mmmm
254 3266 273 3319 9
286 3248 416 3318 (mutabis
430 3253 464 3319 c).
567 3249 703 3305 violentia
715 3267 775 3320 pop.
867 3255 899 3303 21
922 3247 1137 3318 perfrictionem

112 3322 143 3448 Si.
166 3321 224 3378 dot.
248 3336 336 3392 supra
358 3322 399 3390 ⁹⁰)
421 3338 452 3392 9τ
473 3321 700 3391 perfunctionem
720 3338 755 3391 p,
779 3321 945 3392 frigict'tnem
975 3336 996 3374 c.
1100 3324 1136 3372 Ἠ

132 3392 260 3463 crepanti
277 3397 340 3462 911⁰,
361 3393 425 3447 -be
442 3398 489 3462 gio
509 3394 587 3463 (—ta
605 3397 668 3448 orate
692 3407 761 3448 corr.
777 3396 818 3461 p).
918 3391 1033 3446 calido.
1050 3431 1055 3444 .
1073 3432 1078 3444 .
1096 3391 1138 3443 ia·

111 3479 197 3520 sacro
216 3479 231 3518 c
249 3462 376 3531 <lavaero
388 3465 431 3532 p).

166 3560 286 3603 cassius
300 3560 398 3614 Felix,
412 3561 448 3603 ed.
463 3561 491 3601 Υ.
505 3562 575 3604 Rosa.
957 3559 972 3603 t',
