2512 3908
516 265 731 329 ,67-

115 429 187 473 vero
210 411 374 470 curationis
397 417 518 491 oportet
539 409 735 491 leptospathic
759 410 943 473 ferramento
967 407 1070 469 licinio
1094 411 1139 470 in·
1224 476 1227 481 ,

114 498 216 560 voluto
244 505 275 559 et
303 507 383 560 moto
410 498 477 561 tilto
504 497 610 560 blande
638 499 757 560 desecta
790 498 962 578 detergere,
997 505 1029 559 et
1057 504 1138 577 post-

114 605 205 666 quam
227 586 404 668 deterseris,
432 589 534 648 vinum
560 587 735 648 calefactum
757 586 949 648 colluendum
980 586 1079 668 dabis,
1107 587 1139 645 in

113 693 175 755 quo
202 682 272 737 ante
299 676 392 739 luerit
418 673 541 735 decocta
568 683 662 754 myrta
691 677 770 736 sicea
797 673 937 735 lenticula
968 693 1037 735 rosa
1069 674 1139 735 ruhi

112 764 251 826 turioncs
277 755 401 842 virides,
430 769 462 823 et
488 763 519 823 in
549 764 613 842 ipsa
644 763 820 825 decoctione
855 762 1007 823 modicum
1041 763 1166 824 melisa

112 852 284 933 despumati
309 850 487 930 admixtum,
518 851 598 931 quod
624 855 721 932 possit
746 852 939 932 putredinem
972 850 1139 931 plurimum

111 939 302 1003 invadentem
330 957 391 999 non
418 938 514 1001 solum
542 945 645 1001 tenere
673 958 777 1002 verum
807 942 897 1000 etiam
921 957 1062 1018 purgare.
1107 947 1138 999 et

110 1037 182 1109 post
200 1026 391 1090 collutionem
414 1027 574 1090 adhibitam
597 1028 644 1089 dia
665 1027 772 1091 chartu
796 1030 910 1090 siccum
934 1027 1137 1088 medicamen-

110 1127 178 1178 tum
200 1134 333 1197 appones
356 1115 462 1177 diebus
485 1115 656 1198 aliquantis,
678 1117 773 1179 donec
791 1116 920 1198 putredo
947 1117 1136 1195 gingivarum

108 1213 270 1286 purgetur.
306 1211 338 1265 et
358 1222 429 1265 cum
447 1221 479 1265 sc
502 1204 610 1265 humor
632 1207 663 1266 in
681 1224 734 1266 ore
757 1205 925 1285 collegerit,
948 1203 1057 1264 blande
1078 1206 1137 1263 erit
1151 1220 1178 1260 10

108 1292 315 1372 despuendos.
346 1299 378 1353 ct
396 1309 464 1353 cum
481 1293 590 1354 videris
608 1295 740 1373 gingivas
758 1293 837 1355 hene
855 1300 1008 1373 purgatas,
1027 1292 1134 1371 cepha·

108 1381 171 1442 lieo
188 1380 406 1442 medicamento
424 1379 461 1441 ad
484 1383 693 1443 camositatem
715 1385 811 1444 uteris
834 1386 860 1442 si
884 1381 962 1441 iorte
987 1383 1135 1441 minutam

108 1471 272 1531 inveneris.
317 1467 425 1529 dehinc
460 1470 548 1531 etiam
579 1472 738 1532 novissime
770 1473 801 1531 in
834 1471 1006 1531 cicatricem
1041 1469 1134 1529 duces

107 1559 192 1620 sicco
214 1557 432 1620 medicamento
455 1557 607 1619 dicstreon
630 1558 785 1640 appellato.

200 1653 248 1708 est
283 1648 356 1708 item
388 1644 468 1707 aliud
500 1648 600 1708 cancri
631 1648 730 1709 dentis
762 1665 859 1727 genus
886 1645 1035 1708 aetatibus
1064 1645 1173 1705 bre-15

106 1735 240 1796 vissimis
262 1736 411 1797 eveniens.
448 1736 574 1815 emergit
596 1744 694 1798 autem
722 1738 803 1798 inter
832 1738 898 1816 ipsa
921 1736 1006 1796 initia
1031 1743 1132 1796 tumor

105 1822 231 1902 quidam
266 1826 361 1885 totius
394 1822 527 1884 maxillae
564 1842 631 1886 cnm
666 1826 781 1905 ingenti
821 1823 933 1905 pallore
971 1824 1131 1884 ictericnm

104 1911 250 1973 morbum
281 1910 453 1992 simulante,
488 1929 556 1972 nam
593 1912 698 1975 Graeci
730 1913 886 1975 icteroden
922 1919 1044 1989 vocant,
1079 1913 1131 1990 qui

105 2001 200 2061 etiam
233 2008 265 2062 et
299 1999 392 2062 voluti
423 2018 565 2061 venarum
601 2001 723 2064 livorem
759 2005 791 2063 in
823 2010 894 2064 cute
927 1999 1068 2062 ostendat
1100 2008 1131 2060 et

182 2158 197 2206 1
214 2155 343 2223 temporo
355 2157 422 2223 post
438 2152 592 2210 curationis
610 2156 674 2211 odd.
693 2172 740 2225 cp,
764 2155 839 2226 good
855 2155 943 2210 motai.
1055 2154 1131 2208 lecto

104 2223 206 2292 specio
224 2239 249 2292 o,
266 2223 342 2280 lecto
360 2226 442 2294 spotd
455 2239 488 2294 p.
577 2225 680 2282 lucinio
699 2227 761 2297 (cic)
779 2243 823 2295 op.
914 2226 1031 2281 tmoto
1051 2225 1130 2278 tilto:

104 2293 177 2349 meli
194 2293 286 2351 tincto
304 2309 328 2364 o,
345 2294 426 2350 molli
443 2296 532 2360 Q
546 2298 626 2366 (corr.
645 2298 677 2353 in
694 2314 781 2368 marg.
800 2297 819 2352 i.
838 2297 923 2363 tlcto)
938 2313 970 2364 p,
1082 2294 1130 2348 de-

104 2365 201 2421 secta:
219 2364 366 2437 dosegtnre
385 2366 445 2437 (sic)
463 2383 491 2438 c,
509 2383 560 2424 om.
573 2384 605 2438 p.
677 2372 739 2423 8v.
760 2366 883 2422 calidum
905 2383 934 2436 p.
1009 2365 1046 2419 ad
1066 2371 1131 2419 onte

103 2434 286 2492 colluendom
309 2437 374 2493 odd.
389 2453 420 2506 p.
527 2439 679 2494 odeoooto
697 2455 736 2522 p:
759 2440 841 2494 cocto
858 2455 881 2494 c.
991 2436 1079 2491 mitta
1093 2453 1129 2504 p:

102 2505 194 2563 mina
212 2523 235 2564 c.
309 2505 499 2578 sdispumsti
515 2526 559 2580 cp.
629 2509 767 2565 odmosces
784 2524 814 2577 o,
831 2508 952 2564 emisses
966 2524 997 2576 p.
1072 2524 1128 2575 quo

101 2583 358 2739 ffivss’offroffsl'c'ffi'
386 2597 739 2752 ονη.1ἓ.ῃήωῦρξ1ἵέιξίᾱΐ)
762 2613 836 2722 ms
856 2595 1128 2724 οοίἷυίἒέιῖἀξῃᾝ

103 2737 252 2794 lantonem
268 2738 330 2810 (sc)
343 2708 375 2809 d.
483 2738 611 2795 tonius
629 2740 690 2808 (sc)
708 2756 734 2796 c:
758 2754 810 2795 om.
825 2754 857 2810 p,
967 2709 1128 2792 ancisum

100 2809 197 2935 p-td)
210 2825 252 2880 cp.
326 2814 358 2865 11
374 2807 551 2881 despuendos
564 2828 587 2880 e,
605 2808 667 2865 -d‘
687 2809 813 2880 (—dnm)
827 2826 859 2880 p.
933 2808 1081 2878 cephalico
1090 2825 1127 2877 px

117 2879 226 2936 ooohou
244 2896 268 2936 s.
358 2885 391 2935 11
410 2880 448 2936 sd
465 2897 516 2938 om.
535 2897 577 2952 cp.
667 2881 692 2936 si
713 2880 788 2937 forte
807 2882 867 2950 (sio)
890 2878 1032 2935 inveneris
1052 2895 1080 2947 o,
1103 2879 1127 2932 si

101 2951 180 3008 forte
198 2949 309 3007 minuta
324 2949 443 3034 fueritp
456 2953 502 3023 (os.
517 2953 580 3010 aar.
599 2952 637 3022 X,
655 2956 730 3022 446).
806 2957 838 3006 13
853 2950 957 3006 dehinc
971 2966 1000 3004 c:
1019 2950 1085 3004 hinc
1095 2967 1125 3018 p.

103 3021 262 3079 novissimo
280 3038 323 3094 cp.
411 3039 441 3078 rn
465 3039 516 3080 om.
535 3041 558 3081 o.
607 3023 727 3090 ,ducis
745 3039 787 3094 ep.
881 3028 915 3076 11
933 3021 1009 3077 sicco
1028 3036 1079 3075 one,
1095 3039 1127 3090 p.

103 3109 234 3168 diorum
255 3127 284 3180 e,
307 3101 436 3169 diostd‘on
450 3129 480 3184 p.
588 3119 622 3168 lo
644 3115 689 3168 ost
705 3128 756 3167 om.
770 3127 802 3182 p.
911 3108 1079 3211 dentislcm.
1094 3127 1126 3178 p.

111 3233 203 3290 genu
225 3217 349 3274 cussus
371 3217 659 3276 brevissumme
681 3234 709 3287 ο,
736 3235 825 3288 genus
853 3220 889 3273 es.
912 3234 944 3271 in
967 3224 1039 3276 men
1063 3186 1125 3270 ola

104 3290 148 3358 (ot
164 3287 318 3346 infantium
334 3292 417 3360 corr.)
434 3289 526 3346 brevis
549 3289 633 3346 etatis
656 3289 770 3345 veniens
783 3306 816 3359 p.
927 3292 960 3341 1c
984 3291 1080 3342 tumor
1098 3304 1125 3342 c:

102 3361 485 3432 rumorp(cs.p.65,17).
560 3367 591 3416 17
609 3377 713 3431 penore
731 3376 754 3416 o.
826 3359 942 3414 hsct'soo
960 3360 1083 3427 (morbo)
1102 3375 1125 3424 c,

102 3443 190 3505 hrots'
212 3449 407 3516 othiotmenm
423 3465 477 3520 pro
494 3448 670 3520 historicum)
684 3465 715 3518 p.
789 3453 823 3504 ts
842 3446 930 3504 etiam
949 3451 979 3502 et
998 3464 1025 3502 c:
1045 3451 1079 3501 ei
1093 3463 1124 3516 p.

103 3518 229 3576 ostendit
241 3536 273 3592 p.
1187 3536 1194 3551 ·

923 3607 960 3660 ὁ*
