2506 3908
415 241 727 308 .-45-

108 391 259 468 fugientes
282 389 323 447 ita
344 393 378 446 ut
400 403 433 446 se
455 387 486 446 in
504 384 811 467 spaerulas'plicando
830 393 1006 449 convertant
1030 419 1072 430 ·—-
1096 391 1128 448 in
1219 398 1226 404 ”

109 477 177 538 oleo
200 493 311 554 coques
334 482 365 536 et
387 474 509 536 auribus
531 474 685 556 infundes,
707 484 740 536 et
763 495 855 557 super
873 474 1030 557 vaporabis
1051 493 1128 535 mar·

109 567 198 644 supio
221 562 251 623 id
275 572 322 625 est
343 562 460 625 sacculo
483 562 596 625 torrido
611 563 680 624 sale
703 563 833 644 repleto,
856 573 887 626 et
910 568 1021 625 iterum
1047 573 1128 644 tepe-

83 650 221 714 'lactum
250 653 495 714 medicamentum
522 649 676 731 infundes,
702 659 733 711 et
759 650 825 711 lana
856 650 966 712 munda
990 671 1024 713 ac
1048 653 1156 714 mollio

107 745 191 821 ipsas
214 758 355 803 cavernas
377 738 482 800 blande
505 736 658 801 obtrudes.

199 830 279 891 aliud
303 825 469 888 tumoribus
492 829 681 888 conveniens.
717 827 813 908 adipis
836 830 970 890 anserini
993 836 1046 889 aut
1068 829 1128 906 gal·

107 918 217 980 linacei
239 915 402 997 partes-ll,
425 914 482 976 olei
504 915 681 995 amygdalini
703 934 739 976 ex
762 920 871 977 amaris
894 916 1055 996 amygdalis
1079 935 1129 976 ex-

107 1008 208 1088 pressi
230 1013 346 1084 partem
367 1003 380 1063 l
403 1007 434 1064 in
457 1022 517 1064 uno
540 1003 747 1064 commiscebis
770 1013 802 1067 et
827 1005 1010 1085 tepefactum
1034 1005 1129 1066 iustil-

107 1094 199 1174 labis,
221 1095 439 1173 praevaporatis
464 1091 599 1171 partibus
622 1094 754 1172 spongiis
779 1093 968 1154 calidissimis
991 1111 1030 1153 ex
1053 1111 1130 1171 aqua
1144 1108 1171 1147 ιο

108 1182 204 1245 calida
222 1184 371 1262 expressis
389 1187 478 1258 atque
496 1179 611 1241 alterna
628 1183 792 1242 mutatione
811 1183 965 1262 appositis
997 1190 1029 1242 et
1046 1188 1128 1261 post·

107 1288 200 1351 quam
227 1270 396 1348 stillaveris‚
424 1270 533 1329 iterum
560 1286 669 1349 super
678 1278 885 1349 competenter
912 1268 1069 1349 vaporabis
1096 1277 1128 1330 et

107 1359 192 1420 molli
219 1359 285 1419 lana
311 1359 400 1418 sicuti
428 1374 517 1436 supra
544 1356 673 1418 diximus
699 1359 840 1436 patientia
868 1357 933 1418 loca
961 1357 1081 1419 tutahis
1111 1351 1219 1479 iffi

108 1447 243 1528 [oportet
260 1447 440 1526 aegrotum
431 1447 511 1506 mani
528 1446 732 1507 masticatione
751 1465 785 1507 os
804 1464 992 1507 commovere
1012 1454 1043 1506 et
1061 1448 1151 1507 siem
1125 1463 1195 1511 um
1202 1460 1240 1501 W

107 1536 388 1596 medicamentum
379 1551 411 1594 m
432 1532 555 1594 auribus
578 1536 1177 1620 acciperem

198 1626 271 1684 item
287 1622 366 1684 aliud
383 1621 432 1683 dia
450 1629 586 1682 tessaron
606 1621 785 1703 appellatum
803 1623 916 1683 iaciens
935 1622 972 1683 ad
991 1631 1125 1684 tumores

109 1715 243 1793 aurium,
276 1729 350 1791 quos
382 1709 487 1771 Graeci
523 1710 686 1790 flegmones
717 1719 838 1772 vocant:
874 1711 933 1772 mel
970 1713 1126 1792 optimum,

107 1803 195 1882 ysopi
217 1802 299 1862 attici
321 1817 441 1879 sucum,
463 1799 621 1860 nardinum
644 1809 831 1879 unguentum
853 1807 885 1860 et
908 1799 1125 1879 amygdalinum

106 1893 174 1971 pari
203 1889 344 1971 pondere.
389 1890 484 1949 uteris
515 1889 594 1949 sicut
623 1906 722 1968 supra.
767 1890 795 1948 si
827 1906 897 1948 vero
932 1888 1126 1949 incendiosus

108 1979 202 2040 luerit
231 1976 342 2038 doloris
373 1993 496 2057 sensus,
527 1984 558 2037 et
589 1978 683 2056 magis
714 1985 848 2057 tempore
876 1979 999 2038 aestatis
1031 1985 1063 2038 et
1093 1979 1126 2037 in
1140 1993 1167 2033 eo

109 2074 206 2129 aetate
230 2066 370 2145 terrenti,
393 2072 509 2125 acetum
532 2082 655 2126 rosaceo
678 2065 840 2127 admixtum
863 2066 1017 2127 infundes·

109 2287 483 2498 (pofiffig‘ffipfflssz
489 2290 531 2430 ὦ).
541 2304 594 2359 Μ
616 2288 749 2430 {spond}
825 2288 995 2428 prldffigioy
1001 2295 1039 2430 ga
1051 2287 1125 2414 1251ssss-

107 2445 429 2586 {tannasara
439 2376 758 2573 {prusiada
757 2436 921 2560 mr
938 2429 1125 2573 tutata

108 2588 230 2643 -peso
298 2572 563 2643 teommieoesgcp.
637 2578 671 2628 10
685 2591 718 2630 ex
736 2589 785 2642 cpe
804 2574 873 2643 ιι9.
943 2579 975 2626 11
991 2571 1126 2628 calide-

107 2644 294 2714 postquem
281 2661 314 2699 ιιι
333 2648 410 2698 tectu
431 2659 482 2698 om.
504 2644 586 2698 eed
573 2661 606 2699 m
626 2645 679 2712 inf.
702 2645 827 2714 margine
847 2645 1006 2714 supptetg,
1028 2649 1126 2699 sectata

106 2715 150 2785 sig
151 2731 187 2768 no
204 2718 258 2782 Ν).
333 2720 365 2769 12
383 2713 514 2770 stillare?
526 2730 545 2787 9
562 2715 682 2783 (-reris
700 2719 753 2785 φ)
840 2720 873 2769 13
893 2716 968 2797 sieut
985 2714 1081 2798 (sicuti
1098 2716 1124 2785 e)

107 2731 278 2839 -tubabie
300 2786 400 2854 (stop,
425 2790 456 2839 ut
472 2801 586 2854 semper,
615 2786 737 2841 mutabis
760 2786 784 2853 c)
807 2801 853 2854 cp:
878 2785 919 2841 sic
942 2802 1027 2854 supra
1049 2785 1126 2854 ipses

107 2872 242 2911 cavernas
260 2855 365 2911 blande
382 2855 514 2911 obtendes
531 2872 550 2926 9
566 2857 629 2926 (qui
644 2857 737 2912 cadem
749 2857 832 2912 etiam
849 2873 921 2926 quae
937 2873 1025 2925 supra
1042 2858 1126 2912 cerba

106 2943 199 2983 more
216 2927 362 2997 respiciens
378 2927 507 2997 scripsit)
620 2928 720 2983 deest'
707 2945 740 2982 m
757 2944 775 2996 9
797 2928 863 2995 finis
881 2945 941 2997 cop.
962 2944 1024 2982 cum
1042 2929 1126 2983 initio

106 2998 300 3135 {didita
318 2998 612 3125 latitatis&
626 2999 732 3126 “Mlti
744 2998 1016 3137 ιοιῖἱῗῗὲιῗοῗθ
1036 2998 1126 3124 mli

107 3139 268 3195 dieteeeron
286 3156 328 3210 ep.
427 3085 601 3210 appellat'um
619 3157 670 3196 om.
684 3158 715 3211 p
808 3142 947 3196 tumores·
940 3085 1064 3196 ·9-rem
1082 3157 1125 3209 ep

109 3217 143 3267 lt
162 3210 237 3280 quod
255 3212 298 3285 (q)
316 3227 357 3293 qr.
464 3210 644 3281 flegmonu,
660 3210 851 3294 fleimouasp.
957 3211 1060 3265 mele.
1078 3211 1126 3266 vel

108 3281 151 3349 (Γ)
163 3298 196 3352 p.
268 3281 454 3351 optimnmp.
473 3282 611 3350 optume.
693 3287 727 3338 18
745 3281 814 3337 atiei
832 3299 873 3352 ep.
947 3280 1102 3337 nardini..

108 3351 445 3436 amigdalinip.19
463 3352 693 3423 pariponderec.
715 3353 797 3424 peris
814 3352 942 3423 pondera
959 3353 1044 3422 (-rie
1062 3359 1126 3407 ante

108 3424 160 3493 ips.
183 3426 264 3490 corr.)
282 3441 313 3494 p.
421 3431 453 3478 21
477 3426 609 3494 etetop.
632 3426 764 3479 estates.
872 3425 1129 3492 metunt-tacu

108 3510 223 3550 rosaceo
242 3495 376 3549 amixtmn
394 3493 508 3565 (amitto
526 3497 553 3568 e)
572 3512 616 3569 cp
