2512 3908
499 235 736 300 -119-

106 387 222 444 vesicae
255 383 396 460 porcinae
430 380 592 462 alligatum,
629 399 687 442 non
720 383 808 443 nimis
841 383 968 443 interius
1001 382 1122 452 sedin

106 478 199 550 caput
222 477 344 531 naturae
371 472 476 533 inicies
503 471 651 534 cervinam
674 471 833 532 medullam
858 472 961 533 susino
985 468 1051 531 oleo
1075 488 1121 530 re·

107 555 236 621 solutam
263 567 315 620 aut
345 557 486 640 butyrum
513 577 619 621 recens
646 565 697 619 aut
723 559 840 637 adipem
872 562 1045 622 anserinum
1076 557 1122 620 vel

106 646 310 727 gallinaceum.
351 646 517 709 adhibenda
539 650 627 708 etiam
650 645 861 707 oncatbismata
885 666 921 707 ex
944 648 1121 710 decoctione

106 753 244 799 rosarum
276 734 433 798 lenticulae
458 744 577 815 'myrtae
604 733 672 796 rubi
703 733 820 797 lentisci
853 733 899 796 vel
930 734 977 796 his
1010 739 1121 798 virtute
1148 748 1162 787 ⁵

106 825 257 886 similium.
293 823 501 904 apponendum
520 825 608 885 etiarn
627 831 658 884 et
675 823 723 884 dia
740 826 821 885 iteon
846 823 1040 903 emplastrum
1059 827 1121 885 sire

106 912 178 974 illud
214 912 462 973 medicamentum
500 913 579 992 quod
610 930 715 991 graece
748 911 908 972 ebarbaros
945 912 1121 992 appellatur,

106 1000 230 1061 renibus
254 1008 285 1062 et
306 1002 418 1081 pectini
440 1018 593 1081 praeraso,
615 1008 667 1062 aut
689 1000 828 1061 finicinen
851 1019 940 1080 quam
963 1001 1120 1062 Galenus

105 1093 137 1149 in
160 1088 246 1149 libris
271 1088 501 1169 emplastrorum
523 1107 598 1168 quos
620 1097 685 1150 cata
707 1106 783 1167 gene
801 1089 963 1170 appellant,
986 1097 1121 1151 nostram

105 1179 154 1238 dia
173 1176 333 1239 chalciteos
350 1179 521 1239 nominarit.
551 1178 724 1257 pmllciente
743 1184 843 1238 autem
863 1180 1027 1239 curationis
1046 1187 1161 1240 tem-10

104 1284 179 1345 pore
203 1274 293 1327 erunt
321 1267 353 1326 in
376 1264 444 1326 cibo
467 1265 555 1327 dandi
577 1267 656 1327 suini
678 1264 763 1345 pedis
785 1283 959 1346 mucrones,
988 1266 1119 1328 testiculi

105 1353 214 1415 madidi
238 1373 275 1415 ex
298 1371 374 1433 aqua
396 1360 427 1416 et
448 1353 606 1417 cerebrum
628 1361 771 1433 assatum,
798 1353 836 1414 de
861 1354 996 1434 piscibus
1018 1363 1118 1416 antem

103 1443 279 1521 torpedines
317 1441 400 1504 aselli
432 1460 586 1523 murenae,
622 1442 659 1503 de
695 1444 791 1522 pomis
829 1461 899 1504 rero
932 1462 1007 1504 uvae
1044 1442 1119 1505 mala

103 1530 229 1610 cydonia
261 1538 383 1610 granata
415 1539 445 1592 et
475 1530 522 1593 lris
553 1533 662 1593 virtute
694 1529 809 1592 similia.
862 1530 993 1593 dandum
1029 1534 1119 1593 etiam

69 1645 71 1648 ’
101 1621 213 1680 ieiunis
240 1618 352 1698 aliquid
380 1617 489 1681 sorbile
517 1620 596 1700 quod
623 1619 779 1680 humorem
806 1636 907 1680 acrem
936 1630 968 1682 et
997 1629 1159 1682 tenuem1⁵

103 1717 136 1768 et
158 1725 298 1787 asperum
326 1705 420 1770 valeat
446 1706 605 1771 obdulcare
633 1717 663 1770 et
691 1708 873 1770 crassificare
897 1717 928 1770 et
951 1709 1059 1790 lenire,
1086 1718 1119 1770 ut

99 1804 151 1858 est
174 1795 303 1876 amylum
325 1805 519 1876 procuratum
541 1806 592 1859 aut
614 1796 743 1877 polenta
755 1815 792 1858 ex
810 1814 887 1876 aqua
905 1797 981 1859 elixa
1000 1807 1031 1860 et
1050 1816 1119 1859 cum

100 1888 173 1945 rino
196 1884 305 1965 nigello
328 1884 482 1947 addulcata
500 1894 552 1964 aut
568 1903 655 1966 oryza
677 1894 729 1947 aut
751 1903 841 1965 grana
860 1888 994 1967 ptisanae
1018 1893 1049 1947 et
1071 1886 1119 1946 his

100 1972 219 2036 similia.
263 1971 408 2054 probatur
434 1975 523 2036 etiam
551 1973 614 2034 dari
642 1972 824 2036 sorbendum
851 1975 936 2058 quod
960 1975 1119 2037 conficitur

100 2063 157 2122 sic.
193 2081 230 2122 ex
249 2061 364 2124 nucleis
382 2061 553 2124 recentibus
571 2069 603 2124 et
620 2064 788 2125 cucumeris
811 2065 925 2124 semine
949 2063 1118 2124 descamato
1132 2077 1160 2118 ro

100 2160 136 2210 et
163 2149 315 2230 amygdala
342 2150 422 2213 dulci
449 2159 480 2213 et
502 2150 597 2232 amylo
619 2170 687 2214 cum
715 2149 790 2212 lacte
818 2153 933 2212 inuno
959 2151 1118 2231 diligenter

100 2240 183 2300 tritis
220 2248 250 2300 et
290 2238 396 2302 leviter
436 2242 587 2302 concoctis
627 2239 755 2301 dandum
793 2241 900 2300 ieiunis
943 2259 1012 2302 crim
1049 2241 1118 2301 rino

100 2499 122 2552 b
140 2434 190 2553 ti1
211 2426 304 2482 vesice
321 2426 437 2498 porcino
450 2426 987 2554 menpfflppsifflmwrmdmbgant
995 2444 1027 2498 p.
1046 2497 1070 2552 ti
1100 2433 1117 2482 3

95 2517 141 2640 p?
154 2515 228 2624 ertu?
246 2500 468 2625 motmunt&
485 2505 693 2639 e,⁴0nmu·n¹1¹c
706 2585 743 2639 p,
756 2513 956 2624 {rica-malinnbtca
970 2514 1046 2638 pte
1071 2514 1119 2623 ant:

100 2639 174 2695 mire
192 2656 216 2704 c,
234 2639 319 2696 mirbe
334 2656 365 2711 p.
436 2646 453 2696 6
471 2639 608 2696 similibus
625 2656 666 2709 cp.
738 2638 863 2695 diaibeon
877 2656 912 2709 p,
933 2639 1076 2694 diacibeon
1094 2655 1117 2696 c.

101 2719 221 2781 ignoce
239 2727 267 2777 c,
291 2709 369 2782 greci
386 2715 423 2781 ρο
439 2712 503 2777 (om.
522 2715 565 2781 p).
671 2708 850 2766 embarbaros
872 2728 905 2779 p,
928 2710 1068 2766 barbanos
1093 2725 1117 2767 c.

100 2788 118 2836 8
138 2785 168 2837 et
185 2799 213 2837 cz
231 2780 710 2921 affi1,3ienicenep‚lenicela
728 2797 751 2837 c.
823 2781 952 2852 galienus
970 2797 999 2850 c,
1022 2781 1079 2864 gal*
1094 2797 1118 2851 p

101 2857 148 2923 (a
167 2853 232 2910 Gal.
397 2854 453 2922 75).
530 2851 596 2908 tin
616 2851 689 2908 libro
708 2849 944 2922 amplamtrorum
957 2868 994 2920 p,
1012 2852 1118 2907 librum

101 2925 320 2994 emplastrorom
338 2938 360 2980 c.
432 2939 503 2994 quot
523 2940 565 2993 cp.
654 2923 805 2994 eugenos
824 2939 851 2993 c,
876 2939 997 2993 —nesp
1014 2921 1116 2990 (simu.

101 3001 154 3050 nia
168 2997 287 3066 (nomn)
301 3011 344 3064 cp.
418 3000 452 3050 10
466 2995 561 3050 entem
598 2993 707 3065 :igitur
719 3010 741 3051 c.
806 2999 838 3049 11
854 2991 928 3048 ruini
941 2995 976 3064 (c,
991 2992 1074 3058 suelli
1083 2995 1117 3062 p)

101 3066 190 3137 pedes
208 3081 355 3122 mucrones
373 3080 407 3136 cp
423 3065 473 3133 (cf.
491 3064 555 3121 Gal.
600 3065 629 3131 I,
646 3069 720 3132 671).
791 3065 973 3121 tmaemnes
989 3063 1079 3120 madii
1092 3081 1117 3130 c,

100 3143 122 3193 t..
141 3142 239 3194 acroi·
257 3135 401 3218 medidip
417 3136 467 3203 (cs.
486 3135 549 3192 Gal.
573 3134 631 3204 VI,
649 3139 725 3203 676).
834 3141 867 3190 13
886 3150 953 3190 vero
972 3151 999 3191 c:
1019 3150 1070 3191 ont.
1085 3152 1117 3204 p.

100 3223 158 3262 uva
177 3224 219 3279 cp.
307 3211 341 3263 14
359 3206 472 3263 ordonio
488 3223 530 3277 cp.
614 3212 645 3261 15
664 3205 741 3275 quod
753 3222 790 3276 pt
808 3209 841 3261 ut
859 3204 982 3276 accipiat
999 3205 1075 3276 quod
1093 3223 1115 3262 c.

100 3295 212 3334 acerem
234 3294 263 3346 c,
290 3293 387 3334 acrum
405 3295 436 3348 p.
545 3283 579 3334 ts
601 3276 683 3332 linire
708 3278 797 3346 c(p⁰)=
824 3277 923 3342 henne
942 3294 972 3347 p.
1083 3283 1117 3331 17

100 3352 170 3421 polu
184 3349 320 3418 c)lentom
336 3389 342 3404 .
358 3392 365 3406 .
381 3390 388 3404 .
402 3348 507 3405 elixum
529 3365 570 3421 ep.
660 3363 724 3402 eum
741 3363 769 3403 c:
791 3363 843 3406 om.
859 3364 889 3416 p.
982 3352 1015 3402 18
1037 3347 1117 3402 adul·

100 3423 198 3476 colum
212 3437 236 3489 c,
254 3419 435 3477 obdulcalnrn
444 3436 475 3490 p.
529 3435 656 3491 panop,
675 3435 762 3489 grane
775 3434 798 3473 c.
871 3423 905 3472 20
924 3419 999 3486 (item
1008 3435 1039 3488 p.
1049 3421 1118 3484 120,

99 3495 129 3559 4)
150 3491 312 3548 dementato
330 3507 363 3561 p,
381 3491 564 3560 desquamato
582 3506 605 3546 c.
708 3494 741 3542 22
761 3493 790 3545 et
808 3489 949 3545 concoctis
968 3489 1070 3544 leviter
1087 3505 1117 3558 p.
