2512 3908
448 245 743 341 ,fer-

83 394 99 435 -’
119 397 171 450 ant
197 388 290 449 alicae
314 406 384 450 cum
407 388 524 451 modico
548 388 635 451 melle
664 390 840 471 despumato
869 392 988 452 ieiunos
1017 388 1144 472 potabis,

119 485 172 538 aut
201 477 247 538 lac
270 480 426 557 caprinum
453 479 635 559 tepefactum
659 498 729 540 cnm
752 480 915 542 sufficienti
938 476 1026 540 melle
1049 476 1143 557 dabis,

117 575 171 627 aut
197 564 297 646 butyri
323 571 456 629 recentis
483 576 585 646 partes
608 567 636 628 ll
662 567 760 627 mellis
785 566 957 648 despumati
985 576 1102 647 partem
1129 565 1143 627 l

117 657 149 715 in
172 663 238 716 5uno
267 655 475 717 commiscebis
500 665 534 716 ct
562 654 669 716 exinde
697 657 809 716 ieiunis
837 657 1019 717 coclearium
1048 673 1144 717 unum

119 742 214 823 dabis,
233 752 285 805 aut
298 746 362 805 ervi
379 742 466 805 rubri
484 742 604 823 pollinis
618 744 827 806 cocleariuml
845 762 916 807 cum
935 743 1031 804 mulsa
1050 744 1170 805 calidas

118 835 227 894 ieiunis
250 831 348 912 dabis,
371 839 403 893 et
425 834 506 892 vario
531 831 597 893 cibo
621 835 747 894 nutries.

127 973 129 976 Α
207 923 234 979 si
265 938 336 980 vero
374 922 405 980 in
438 930 524 1000 epate
561 921 608 981 vel
640 920 765 982 renibus
796 921 889 981 fuerit
922 921 1037 1000 ruptio
1058 920 1143 1000 iacta,

116 1009 279 1069 diuretioas
312 1027 401 1089 saepe
429 1017 608 1070 memoratas
635 999 773 1089 potiones
807 1008 892 1069 dabis
925 1008 956 1069 id
989 1018 1035 1069 est
1068 1027 1143 1087 quae

116 1115 172 1176 per
195 1098 313 1157 urinam
335 1116 466 1177 purgare
488 1107 645 1159 noverunt
688 1107 720 1159 et
745 1106 905 1178 postquam
928 1095 1007 1158 benc
1030 1098 1144 1157 luerint

91 1184 219 1246 'ulcera
251 1184 428 1266 depurgata,
463 1189 581 1265 trigono
615 1189 745 1248 trociseo
778 1189 809 1247 in
838 1187 1011 1247 cicatricem
1041 1185 1142 1246 duces.
1157 1200 1183 1239 ιο

118 1275 166 1334 sin
189 1291 260 1334 vero
283 1275 314 1334 in
342 1273 468 1336 renibus
491 1273 538 1334 vel
565 1277 597 1335 in
620 1278 718 1337 vesica
743 1275 835 1336 luerit
857 1274 1051 1335 ulcerationis
1074 1291 1142 1334 cau·

115 1365 206 1444 satio,
229 1361 283 1422 dia·
308 1361 454 1441 ipsalidon
476 1365 641 1425 trociscum
664 1363 749 1424 dabis
773 1382 862 1443 quem
885 1363 1014 1424 iniurius
1036 1364 1067 1422 in
1091 1380 1142 1423 ne·

118 1451 233 1512 iretica
246 1452 385 1530 passione
408 1449 652 1530 conscripsimus.

216 1594 218 1599 ¹
303 1648 305 1653 ,
372 1608 495 1682 ,xxii
532 1611 580 1672 nd
604 1610 859 1673 carbunculos.

207 1732 388 1796 Carbunculi
416 1753 492 1814 quos
516 1733 624 1796 Graeci
650 1735 808 1796 anthraces
839 1744 946 1795 vocant
969 1734 1141 1795 efficiuntur
1156 1747 1181 1788 15

116 1842 153 1884 ex
180 1822 344 1883 influxione
372 1825 526 1903 sanguinis
554 1823 728 1885 calidissimi
755 1833 786 1885 et
813 1825 892 1902 nigri
924 1832 955 1884 et
985 1824 1141 1884 crassioris

67 1920 76 1927 ·
116 1908 329 1972 substantiae
352 1913 465 1972 etenim
496 1910 665 1973 membrum
697 1912 730 1972 in
764 1930 823 1992 quo
856 1911 971 1996 validus
998 1910 1066 1971 talis
1096 1912 1140 1971 in·

114 1999 239 2074 fluxerit
263 2000 398 2079 sanguis,
427 2001 559 2061 inuritur
588 2008 619 2062 et
648 2000 816 2062 ulceratum
839 2018 955 2062 scaram
979 2000 1058 2060 iacit.
1089 2018 1140 2060 na·

116 2096 244 2149 suuntur
271 2090 303 2148 in
320 2095 389 2148 toto
413 2106 555 2170 corpore,
583 2090 760 2169 frequenter
781 2099 883 2150 tamen
907 2087 1086 2150 musculosis
1109 2090 1140 2148 in

114 2177 189 2236 locis
218 2184 248 2236 et
276 2175 501 2237 membranosis.
542 2176 701 2255 aliquando
729 2186 760 2239 et
787 2177 993 2259 appellatura
1018 2175 1180 2238 Graecisso

115 2263 292 2326 anthraciou
312 2263 457 2344 singulari
479 2282 590 2344 genere
611 2267 811 2347 nominatum,
834 2268 860 2326 si
879 2264 1001 2344 quidem
1020 2266 1051 2325 in
1074 2267 1139 2344 ipso

189 2441 204 2490 1
223 2434 333 2491 ieiunus
352 2434 459 2507 (ieiuno
471 2435 506 2519 p)
524 2434 637 2505 potsbis
654 2452 715 2507 pop.
789 2442 805 2491 ³
824 2435 919 2520 buty(i
937 2435 1007 2506 cp)ri
1024 2452 1050 2506 p.
1122 2441 1140 2490 4

114 2505 145 2560 in
167 2522 225 2561 uno
249 2507 308 2576 (uio
332 2509 358 2576 e)
381 2522 546 2571 commnees
568 2522 629 2576 pop.
741 2512 809 2562 tet
831 2514 847 2562 6
870 2506 981 2562 ieiunus
1000 2506 1090 2577 (-n⁹)
1113 2524 1139 2577 g,

114 2580 189 2632 —m'r
208 2593 237 2644 c,
255 2593 327 2633 -no
344 2593 373 2648 p.
482 2577 609 2632 cocleare
631 2595 720 2632 unum
738 2594 769 2648 p,
794 2577 888 2632 cocl'r.
906 2577 928 2633 I.
948 2594 963 2633 c
980 2580 1031 2648 (p).
1122 2584 1139 2633 5

113 2646 187 2703 ervi:
204 2646 258 2702 hei
270 2664 293 2719 c,
311 2646 400 2722 herbp
415 2664 443 2719 9,
460 2646 543 2703 berbi
555 2646 608 2718 μ’
660 2648 779 2706 coclear.
792 2649 815 2705 1.
827 2648 900 2717 (bic)
912 2664 939 2719 g,
954 2648 1047 2703 cocl‘r.
1061 2649 1083 2703 1.
1097 2665 1138 2720 cp.

114 2717 242 2774 enutris
260 2735 322 2791 ρῳ.
394 2716 519 2788 'truptio
537 2717 625 2773 luerit
640 2717 719 2774 iactu
732 2737 775 2790 cp.
847 2722 951 2789 Saepe
970 2721 1139 2775 memoratus

113 2788 248 2860 pociones
261 2806 285 2860 c,
303 2805 370 2860 sepe
388 2805 507 2860 poscens
525 2790 570 2859 (in
586 2805 673 2861 marg.
693 2806 764 2846 corr.
782 2792 894 2861 potuis)
917 2794 1088 2846 memoratas
1102 2808 1138 2861 p:

112 2876 164 2917 om.
178 2876 204 2931 g.
292 2867 309 2916 9
327 2863 414 2917 novai
428 2877 471 2932 gc.
560 2859 667 2915 fuerint
684 2862 780 2916 ulcera
796 2861 869 2918 bene
887 2860 1046 2930 depurgato
1063 2863 1139 2931 (pur-

113 2932 184 3001 gata
197 2933 231 3003 p)
250 2948 292 3002 cp.
379 2937 414 2987 1⁰
432 2930 512 2987 ducis
528 2947 589 3000 pop.
673 2938 706 2987 11
726 2933 769 2986 sin
787 2948 819 3002 gr
838 2933 863 2988 si
881 2949 922 3002 cp.
996 2932 1103 3000 vessica
1120 2949 1139 3002 9

114 3002 221 3071 (vesica
239 3009 290 3073 cp).
365 3008 398 3057 12
413 3001 603 3058 dieiieallidou
616 3018 648 3072 g:
665 3003 714 3058 diu
727 3002 917 3069 incudinum,
931 3002 1138 3072 unfisudcop.

112 3072 252 3129 nefretioa
269 3091 300 3144 με
317 3072 457 3129 frenetico
475 3076 585 3143 (-cam
598 3077 633 3143 p)
651 3090 693 3144 op.
777 3080 810 3129 lo
828 3079 960 3144 passione
979 3090 1021 3142 cp.
1104 3081 1138 3128 14
1192 3124 1196 3134 .

113 3145 157 3199 tit.
170 3143 254 3199 Ado.
267 3162 314 3215 gc:
332 3144 375 3200 De
394 3142 571 3200 carbunculis
579 3159 612 3213 p.
686 3150 719 3199 lo
735 3144 926 3200 carbunculos
945 3149 1011 3199 unte
1025 3161 1096 3200 corr.
1110 3162 1137 3214 9.

112 3216 265 3271 miraches
282 3233 310 3287 9,
328 3215 461 3271 anbuheu
478 3231 502 3285 c,
520 3218 636 3271 &moes
649 3232 681 3286 p.
790 3215 963 3271 efficiuntur:
983 3215 1018 3283 cf.
1038 3216 1135 3271 Galen.

52 3290 56 3294 '
110 3287 229 3358 (therap.
248 3287 287 3343 ud
304 3286 363 3356 01.)
379 3285 427 3356 XI,
448 3293 491 3343 76.
542 3291 600 3340 ,17
618 3286 649 3342 in
667 3302 724 3357 qno
741 3288 807 3355 (sic)
823 3304 884 3357 pop.
976 3290 1010 3340 18
1029 3286 1136 3342 ulcero

112 3359 181 3414 tur.
196 3358 348 3413 ..iaciens
367 3374 390 3427 e,
409 3358 552 3431 ulceratus
567 3357 704 3414 ...sucis
717 3375 751 3427 p.
823 3374 932 3414 semum
950 3375 996 3429 pp,
1016 3358 1093 3412 icaro
1111 3375 1135 3412 c.

113 3434 147 3483 21
167 3429 335 3485 eutrochion
352 3445 398 3499 gp,
415 3428 567 3484 mbehiou
583 3444 606 3484 c.
678 3427 855 3484 nominatum
874 3428 1077 3484 carbunculum
1094 3445 1136 3500 gc,

114 3502 197 3555 -tus
219 3499 333 3571 -luep
352 3500 450 3571 (delmi
467 3499 688 3569 carbunculum).
