2506 3908
500 220 551 263 -'
593 217 655 281 171
707 251 748 263 —-

110 361 225 422 thoraci
248 367 279 420 et
301 360 499 444 praecordiis,
527 363 558 424 in
587 361 706 424 leminis
729 381 801 423 vero
825 370 856 424 et
882 361 1053 444 pubetenus
1077 362 1133 422 sub

109 446 251 510 umbilico
279 458 310 510 et
336 451 531 531 inguinibus·
560 450 731 532 posthaec
758 450 927 514 cucurbitis
950 468 1019 512 cum
1043 451 1134 510 scari·

111 537 221 598 tatione
240 539 285 599 uti
303 548 432 619 oportet
445 542 477 600 in
495 547 624 619 utraque
644 540 750 618 capitis
769 548 855 617 parte
878 543 960 601 iuxta
984 537 1134 600 auriculas

109 626 141 685 in
167 627 241 706 ipsis
269 631 423 689 aiteriosis
451 627 539 710 locis,
552 637 554 642 ⁴
568 625 727 705 aliquando
758 633 788 686 et
815 644 921 687 venam
948 627 1077 688 mediam
1107 629 1134 688 si

110 718 258 779 ertantior
280 717 452 798 apparuerit
480 718 512 775 in
541 716 640 775 fronte
670 713 799 794 incides,
828 712 859 774 ei
885 721 954 794 post
976 713 1018 773 lll
1040 715 1087 774 vel
1110 714 1161 772 Vs

109 801 302 866 detractionis
320 803 398 865 'dies
430 804 578 882 ptarmico
606 803 839 883 medicamento,
871 801 902 862 id
935 809 982 862 est
1014 810 1133 862 sternu-

109 895 233 974 tatorio,
257 909 345 952 nares
363 893 443 950 sicut
461 892 492 949 in
511 888 684 969 lethargicis
706 888 989 970 apossegmatizabis,
1012 897 1043 951 et
1064 897 1135 971 post

108 978 174 1040 dies
200 979 242 1040 Ill
269 977 522 1056 apossegmatismo
551 977 669 1059 expleto
683 980 807 1040 ieiunis
837 997 874 1039 ex
902 977 1054 1040 radicibus
1083 996 1133 1039 ro·

108 1069 215 1127 mitum
243 1063 433 1146 provocabis,
461 1074 493 1126 et
515 1066 591 1128 cibis
619 1069 758 1148 inprimis
781 1070 909 1129 triticeis
933 1078 963 1144 et
985 1067 1133 1130 holerosis

108 1157 238 1229 nutries,
266 1171 335 1215 nam
362 1152 468 1213 Graeci
496 1154 601 1214 sitodis
629 1174 665 1215 ce
692 1155 864 1216 lachanodis
887 1156 1005 1235 dicunt,
1035 1158 1134 1215 novis·
1147 1172 1174 1211 ro

109 1245 185 1304 simo
212 1260 283 1304 vero
311 1243 409 1302 variis.
451 1239 672 1303 observandum
699 1251 801 1304 autem
828 1261 845 1302 a
873 1241 1014 1303 carnibus
1038 1244 1133 1303 suinis

109 1340 141 1392 et
170 1330 323 1394 bubulinis
352 1349 385 1392 ac
414 1332 545 1411 caprinis
580 1339 610 1392 et
638 1349 655 1391 a
688 1328 889 1411 leguminibus
921 1333 1070 1392 universis
1103 1337 1134 1391 et

109 1423 216 1482 ovino
240 1429 271 1483 et
292 1419 418 1481 lavacris
441 1438 538 1499 usque
563 1419 600 1482 ad
623 1438 744 1482 menses
768 1419 814 1481 Vl.

149 1532 152 1537 ·
197 1511 346 1569 trociscus
364 1505 590 1589 (conveniens)
610 1512 821 1591 scotomaticis,
848 1508 878 1570 id
897 1516 945 1569 est
963 1509 1015 1586 qui
1033 1504 1133 1567 subito

109 1605 178 1658 ante
208 1595 311 1657 oculos
339 1596 479 1657 tenebras
508 1599 679 1678 patiuntur,
710 1608 740 1659 et
769 1600 877 1678 spiritu
905 1595 1014 1659 inflatis
1042 1593 1133 1676 cpilc·
1148 1611 1173 1651 to

106 1686 205 1765 pticis.
248 1686 355 1762 recipit
379 1691 480 1744 autem
503 1684 543 1744 iel
566 1685 691 1767 leporio,
720 1690 861 1767 castorei,
890 1688 966 1747 turis
999 1682 1133 1765 masculi,

108 1791 242 1855 murrae,
265 1774 398 1833 omnium
422 1771 464 1832 lll
488 1770 525 1833 d?
548 1772 693 1853 singulae,
717 1775 862 1835 mustelae
886 1775 996 1835 iecoris
1020 1771 1132 1840 sicci3

106 1859 163 1944 111,
189 1863 266 1924 aceti
294 1869 412 1941 cyatum
439 1860 462 1922 l.
504 1862 646 1923 conficies
674 1870 705 1924 et
731 1864 824 1924 iacies
851 1865 998 1923 trociscos
1026 1860 1132 1922 drach·

107 1950 219 2098 11111εῆ
221 1959 260 2099 {el}
285 1948 369 2011 dabis
398 1968 467 2011 cum
495 1969 583 2030 passo
614 1959 667 2011 aut
694 1969 764 2012 eum
792 1953 887 2013 mulsa
915 1969 970 2030 per
992 1948 1058 2010 dies
1080 1947 1133 2008 Vll

108 2046 159 2100 aut
183 2084 185 2090 -
262 2087 269 2100 .
1147 2053 1173 2092 ao

180 2215 196 2262 1
214 2209 310 2264 torace
328 2224 356 2275 e,
375 2208 493 2262 thorace
508 2223 539 2276 p.
613 2214 629 2262 2
649 2208 680 2262 et
697 2206 860 2277 inguinibus
873 2223 907 2270 c:
933 2205 1133 2277 inguinibnsp

107 2279 151 2346 (et
166 2277 198 2333 in
214 2277 377 2348 inguinibus
392 2279 447 2346 pi).
560 2276 720 2333 cucurbitas
739 2294 766 2346 c,
790 2280 885 2333 -tam
907 2296 937 2348 p.
1048 2278 1133 2333 sced-

106 2349 238 2404 ficetione
255 2365 298 2418 cp.
371 2355 387 2402 3
406 2351 557 2418 utramque
571 2366 596 2404 c.
614 2352 724 2432 portem
743 2364 775 2417 c,
797 2351 930 2418 utresque
950 2366 974 2403 c.
993 2351 1133 2420 portmp.

106 2421 175 2475 tet
191 2436 219 2476 c:
236 2419 325 2475 etiam
339 2436 370 2489 p.
453 2436 525 2476 vena
546 2420 641 2476 media
660 2419 685 2474 si
703 2419 759 2492 <ex
774 2419 952 2491 p⁰>stantior
970 2435 1007 2490 ep
1079 2420 1134 2475 crit

106 2489 139 2546 in
155 2489 249 2546 fronte
263 2508 299 2561 p,
318 2506 393 2546 vena
411 2490 506 2546 media
521 2508 536 2557 z
551 2490 654 2546 ant'ror
671 2498 684 2544 1
702 2491 794 2546 fronto
813 2507 835 2547 c.
908 2489 978 2561 ὀρθ
1053 2490 1092 2545 nl’
1107 2490 1134 2545 V

107 2595 291 2659 detractionis
310 2571 434 2652 obttnico
453 2612 479 2666 c,
504 2600 571 2667 post
597 2597 715 2652 tertium
733 2597 780 2651 vel
798 2599 930 2665 quartum
950 2593 1134 2651 detruetionis

107 2665 184 2721 diem
202 2667 358 2750 optemico
372 2684 403 2737 p.
502 2674 518 2722 7
537 2665 800 2792 apodegmaticebis
818 2667 885 2790 apro
904 2665 992 2748 gabin)
1011 2682 1040 2735 c,
1066 2681 1134 2736 apo-

43 2740 51 2748 “
107 2737 234 2808 flegmati
257 2736 337 2792 dabis
361 2742 428 2808 (pro
453 2769 487 2779 -
512 2738 560 2793 dia

41 2829 45 2836 ·
108 2809 201 2863 nutris
219 2825 261 2879 cp.
333 2809 380 2864 Ne
395 2825 421 2864 e:
463 2809 517 2864 nod
527 2825 558 2878 p.
633 2807 733 2863 sitodis
749 2807 926 2862 celaconodis
941 2825 975 2877 cp
993 2803 1135 2877 (reccidere

106 2878 158 2934 nat
175 2874 368 2948 intercidere).
441 2827 540 2935 dicunt
558 2895 583 2935 c:
604 2881 708 2934 vocent
721 2895 752 2948 p.
835 2878 994 2934 Novissime
1014 2909 1049 2920 -
1067 2877 1132 2950 VI!

107 2951 174 3018 c(f.
192 2954 244 3006 90·
261 2955 356 3019 extr.):
380 2967 470 3019 om.p
492 2952 541 3018 (cs.
563 2949 592 3004 0.
612 2951 647 3004 A.
663 2966 694 3019 p.
710 2955 777 3006 298.
814 2948 877 3005 Gai.
899 2949 964 3015 XI,
987 2954 1045 3006 372
1063 2953 1133 3018 etc).

109 3026 143 3075 11
162 3022 270 3075 nutem:
290 3024 339 3075 aut
357 3037 378 3075 c.
476 3021 564 3076 suinis
583 3023 630 3091 (?):
655 3019 786 3086 {niroms
805 3037 828 3076 c.
919 3026 953 3075 12
975 3022 1005 3076 et
1023 3023 1135 3090 (unus

107 3090 178 3161 leg.)
194 3107 244 3147 oro.
263 3107 285 3147 c.
360 3099 393 3146 13
413 3094 443 3147 et
460 3109 510 3148 om.
534 3109 556 3148 c.
632 3098 665 3147 14
680 3091 848 3146 conveniens
862 3091 969 3146 addidi.
1042 3091 1135 3146 scoto·

107 3161 215 3218 maticir
230 3177 252 3230 c,
267 3162 393 3218 scototre'
404 3180 434 3233 p.
508 3163 526 3218 i.
542 3163 591 3232 qui
605 3181 633 3218 c:
652 3164 670 3217 i.
686 3164 787 3231 inquo
803 3179 833 3232 p.
909 3167 941 3216 tt
957 3160 1094 3216 inflamati
1109 3178 1133 3231 c,

107 3234 254 3308 infl’emdb
267 3270 297 3321 p.
372 3252 531 3322 epilepticis
544 3256 716 3322 (utsmper)
729 3269 772 3320 cp.
839 3257 871 3306 16
886 3253 912 3316 li
927 3267 968 3320 cp.
1037 3252 1134 3306 autem

107 3337 204 3394 om.p.
297 3329 329 3378 t‘l
349 3328 406 3378 ou’ri
426 3323 482 3377 .lll.
501 3318 535 3377 di
563 3322 676 3393 imgl'as
695 3339 722 3376 c:
746 3327 790 3377 ab.
810 3328 835 3385 5.
855 3323 875 3377 l.
891 3339 922 3392 p.
1016 3327 1048 3377 18
1067 3338 1134 3378 con·

110 3392 170 3448 ticin
189 3397 218 3450 et
236 3393 304 3448 fecie
324 3394 379 3462 (iac
398 3398 424 3462 c)
444 3411 485 3463 cp.
581 3395 741 3464 drogmales
761 3411 794 3464 cp
813 3395 888 3459 (item
907 3393 1006 3462 infra).
1100 3399 1133 3448 19

110 3466 161 3520 ant
179 3469 254 3535 (poet
272 3465 361 3534 dabis)
382 3466 447 3521 add.
461 3483 492 3534 p.

580 2737 614 2807 is)
633 2755 664 2808 p.
774 2742 926 2792 toerosn
947 2754 989 2806 cp.
1100 2742 1134 2792 10
