2512 3908
530 154 747 219 „20-

127 295 267 359 fundatae
291 308 322 359 et
344 295 513 358 immobiles
531 295 577 356 vel
600 296 724 358 callosae
744 300 807 357 siue
831 296 941 360 dolore.
978 297 1051 359 aliae
1074 314 1145 359 vero

127 384 253 446 mobiles
275 393 307 446 et
330 383 429 444 radice
458 382 572 444 debiles
599 391 630 443 et
651 384 800 445 modicum
822 387 902 444 eirca
924 386 1054 448 radicem
1076 385 1144 447 hae·

126 481 237 533 rentes.
274 472 306 531 ln
329 469 494 531 infamibus
517 473 637 551 saepius
659 480 825 532 nascuntur
852 480 883 531 et
904 473 1060 552 aliquando
1091 492 1144 536 sua

127 567 233 637 sponte
247 557 368 620 cadunt.
400 576 476 637 quae
494 578 563 621 eum
581 559 674 639 digito
692 559 805 620 fuerint
822 562 993 642 impressae,
1011 561 1143 645 dolorem

99 645 240 707 afaciunt
253 646 382 707 similem
395 648 546 710 morsibus
565 649 764 723 formicarum,
783 649 863 709 unde
881 666 1020 728 graecum
1034 667 1143 710 nomen

125 736 305 815 myrmeciae
332 745 525 816 aeceperunt.
572 746 643 797 suut
670 737 743 797 aliae
775 755 897 816 asperae
930 745 961 798 et
996 736 1142 816 crispulae

125 823 157 883 iu
181 822 405 883 similitudinem
430 827 608 884 summitatis
628 825 729 902 thymi,
752 823 832 884 unde
850 842 867 884 a
885 823 1006 887 Graecis
1023 823 1141 905 thymos

125 907 320 987 appellamur.
909 938 913 944 ·

214 993 268 1056 sed
296 995 437 1057 omnibus
465 1013 555 1075 supra
583 996 671 1056 dictis
694 1014 753 1056 una
776 1004 824 1058 est
849 1000 972 1059 curatio.
1016 1000 1074 1061 hoc
1097 992 1142 1062 est

86 1097 113 1136 1⁰
126 1082 271 1164 tithymali
298 1083 433 1167 lacrima,
464 1102 540 1162 quae
569 1092 616 1145 est
642 1086 672 1144 in
700 1083 925 1146 similitudinem
955 1085 1053 1169 lactis,
1084 1088 1139 1150 fre·

125 1180 254 1251 quenter
281 1173 362 1253 ipsas
389 1191 531 1234 verrucas
559 1171 670 1253 illines,
697 1180 728 1233 et
754 1173 938 1252 putrefactae
961 1172 1071 1236 cadunt
1095 1182 1139 1236 ra·'

124 1259 243 1323 dicitas.
284 1260 373 1322 aliud.
415 1261 451 1322 ad
479 1263 655 1340 myrmecias
686 1261 833 1340 infantum
860 1261 1009 1323 cemandri
1040 1261 1139 1323 viridis

125 1347 194 1410 folia
204 1367 287 1411 cnm
309 1348 371 1410 sale
396 1352 468 1411 trita
492 1351 691 1429 apponuntur.

456 1487 533 1547 xru.
569 1487 619 1547 aa
642 1489 818 1566 stigmata.
911 1466 914 1472 ’
963 1466 966 1471 ’
1024 1446 1053 1472 ”

85 1603 111 1644 1⁶
215 1591 359 1671 Stigmata
391 1591 544 1653 dicuntur¹
562 1592 749 1653 characteres
776 1595 932 1676 nominati,
963 1613 1039 1674 quos
1065 1596 1138 1657 mili·

125 1681 251 1742 tantiam
275 1697 382 1740 manus
410 1680 455 1740 vel
484 1681 660 1742 feminarum
687 1699 857 1742 maurarum
880 1682 979 1744 vultus
1001 1683 1137 1744 ostendit.

214 1766 361 1828 tolluntur
393 1785 464 1828 vero
495 1768 664 1848 periculose
690 1769 905 1830 medicamento
935 1770 1137 1832 discoriatorio

123 1854 219 1935 quodv
233 1855 340 1916 Graeci
367 1856 510 1916 eedorion
537 1865 651 1918 vocant.
697 1864 744 1916 est
765 1858 845 1917 enim
872 1859 1019 1919 causticae
1039 1866 1072 1920 et
1094 1877 1138 1920 se·

121 1946 221 2023 ptieae
245 1946 365 2004 virtutis
388 1944 419 2005 id
442 1952 490 2004 est
511 1945 697 2004 incensoriae
721 1951 751 2004 et
772 1944 1013 2023 putrificatoriae.
1054 1948 1138 2008 cuius

196 2101 210 2148 1
230 2094 278 2149 vel
295 2110 340 2163 pc:
361 2094 390 2147 eh
403 2110 434 2163 9.
527 2100 542 2147 2
563 2095 593 2148 et
614 2093 709 2148 radice
731 2094 849 2150 mobiles
867 2096 898 2151 el
912 2095 1008 2151 radios
1033 2095 1138 2152 debiles

124 2167 177 2233 (sic
195 2181 229 2220 ea
249 2165 359 2235 duplici
376 2165 448 2232 lect.)
466 2180 494 2232 c,
518 2167 548 2218 et
575 2164 677 2219 radicis
700 2165 802 2220 debilis
818 2181 851 2234 p.
931 2166 1072 2222 modicum
1093 2184 1137 2238 pe:

124 2252 191 2290 -ce
205 2252 237 2307 p.
310 2252 333 2289 e.
353 2234 482 2290 radicem
518 2234 547 2288 in
562 2234 717 2289 infantibus
730 2240 777 2290 ete.
791 2252 837 2305 99,
855 2252 879 2292 e.
893 2235 1016 2292 radicem
1029 2253 1138 2293 serenes

125 2307 196 2373 (sic).
234 2307 267 2360 In
289 2304 446 2360 infantibus
469 2321 484 2360 e
507 2305 591 2374 (unde
614 2307 756 2374 serpentes
778 2306 946 2376 ampurien,
968 2307 1016 2362 md
1040 2323 1138 2378 parum

124 2375 219 2431 radice
237 2375 406 2431 adherentes
424 2375 521 2429 Sinton
537 2392 559 2429 a.
579 2375 793 2443 aeroeordinea).
865 2382 884 2430 4
901 2393 966 2432 curn
982 2393 1030 2447 yet
1047 2393 1097 2433 om.
1106 2395 1138 2449 p.

124 2451 141 2502 5
154 2462 238 2516 greco
252 2446 367 2501 nomine
380 2446 546 2514 myrmetias
559 2462 661 2500 nomen
675 2462 700 2500 a.
714 2462 741 2516 9,
758 2445 872 2500 nomine
883 2462 970 2518 greco
982 2447 1138 2505 nnmeeiss

122 2553 150 2589 ne
169 2551 194 2590 a.
214 2551 238 2602 c,
256 2540 275 2588 1‘1
297 2520 345 2588 ‘eo
365 2533 493 2588 mirmice
511 2522 530 2588 ii
547 2536 751 2604 aeceperunhp
769 2533 945 2603 (myrmecias
967 2549 1063 2604 praeca
1078 2552 1138 2606 pets.

122 2608 191 2675 apl)
264 2555 323 2661 θὲ.
339 2603 436 2687 etalie
445 2621 495 2693 μη
568 2621 598 2658 er
624 2605 708 2686 pulae
725 2604 790 2668 (litt.
804 2608 870 2686 post
886 2622 901 2658 r
917 2605 1024 2660 incerta
1041 2607 1138 2689 aiei)

121 2676 280 2816 tabiit
298 2694 322 2743 ⁶'
342 2675 452 2813 “iili
465 2676 614 2814 fidili
627 2673 892 2813 {⁰”diii.⁸i'.”⁰”'‘
917 2749 951 2799 ιο
964 2675 1138 2817 abidi&

122 2816 239 2940 lemni
252 2834 295 2898 p..
357 2789 553 2938 laeripro'ppc.
625 2789 744 2938 d'esbfi
762 2814 873 2897 honest
889 2829 916 2884 9,
933 2829 1022 2886 om.1›
1049 2788 1138 2942 menti

123 2901 305 3026 cahrrlrffhopeff‘
329 2888 414 3010 laetlei
435 2887 669 3025 iheiffisstiffippc.
698 2900 899 3009 numm
960 2903 988 2956 p·
1041 2903 1098 3011 'uffa
1115 2972 1137 3015 c.

123 3032 158 3080 14
167 3028 209 3084 tit.
217 3027 259 3081 De
268 3026 460 3082 caracteribus
465 3044 496 3095 p.
566 2969 986 3107 tidescoriatoriopadehafgoo

124 3103 158 3152 18
176 3097 309 3152 ecdorion
327 3114 354 3166 9,
373 3096 506 3150 exdorion
525 3113 554 3162 e,
572 3095 685 3151 ecdoriai
702 3101 767 3150 ante
783 3110 853 3150 corr.
872 3094 931 3176 (qus
948 3095 1000 3150 hec
1016 3095 1097 3152 bons
1113 3101 1139 3152 et

122 3168 161 3221 id.
179 3168 212 3222 in
229 3185 318 3236 marp.
337 3166 500 3233 eecidoriat)
514 3184 546 3235 p.
635 3166 687 3220 Est
704 3166 792 3221 enim:
810 3162 921 3219 Etenim
935 3180 961 3234 9.
1050 3168 1081 3221 et
1096 3183 1138 3222 se·

122 3237 216 3306 plicae
229 3255 248 3307 9
262 3239 304 3306 (et
318 3236 432 3306 stiptice
446 3240 484 3302 e):
503 3253 553 3291 om.
567 3253 594 3304 p.
669 3243 701 3290 19
720 3233 877 3291 incensorio
890 3236 921 3291 el
937 3235 1138 3306 purificatorio

123 3309 183 3377 (aie)
200 3325 220 3377 9
238 3311 302 3377 (-ο
315 3310 373 3378 pc).
448 3306 524 3360 euius
544 3337 577 3347 -
596 3309 640 3360 est
657 3305 866 3374 (medicamenti
883 3320 934 3362 om.
952 3308 977 3376 e)
993 3322 1039 3376 pe:
1062 3306 1138 3376 quod

123 3377 270 3432 conficitur
287 3377 329 3434 sie
341 3395 373 3447 p.

958 2976 966 3010 ε
987 2957 1138 3097 τῖαῗοιίορ.
