2512 3908
494 253 735 317 -151-

108 415 257 480 mensura.
312 401 410 460 omnia
446 399 654 462 commiscebis
690 411 722 463 et
758 401 869 462 adicies
906 417 996 460 ovum
1034 418 1127 461 unum

105 486 235 548 crudum
259 489 343 549 etin
365 489 493 568 ampulla
515 491 629 570 miltes,
653 500 748 569 ‘quam
771 493 803 550 in
826 490 933 570 frigida
957 507 1033 568 aqua
1057 488 1127 550 sub·

107 576 228 636 missam
255 576 448 656 infrigidabis.
490 586 521 638 el
548 577 668 656 quando
696 579 742 638 uli
769 577 915 658 volueris,
944 578 1070 657 agitabis
1092 584 1128 640 ut

106 681 203 725 unum
225 675 335 744 corpus
357 665 455 743 liquor
478 667 542 744 ips‘e
566 666 667 748 faciat,
695 673 726 727 et
749 667 793 727 sic
817 665 854 743 de
878 665 1018 726 c'mbroca
1040 667 1127 728 lanea

106 761 262 832 aegrotum
290 770 473 834 pemngues‚
502 755 592 814 ctiam
615 762 646 816 ct
669 756 759 834 capiti
783 756 848 815 eius
872 753 1057 833 aliquantum
1080 756 1155 815 ins

105 841 223 902 fundos.
1122 879 1124 883 <

175 929 250 989 valia
279 931 436 1008 perunctio
464 929 657 1011 lexipyrctos,
690 931 725 991 ad
757 949 869 992 causon
898 940 928 991 ct
957 933 993 992 ad
1026 935 1137 1012 iugem.

105 1019 169 1077 sive
202 1020 373 1079 continuam
405 1017 533 1101 febrem,
565 1038 655 1098 quam
688 1019 794 1080 Graeci
827 1019 980 1099 synoclron
1013 1021 1126 1082 dicunt.

104 1104 280 1167 cucurbitae
316 1124 450 1168 rasuram
487 1111 636 1188 exprimes
674 1117 705 1170 ct
744 1127 901 1170 rosaceum
938 1109 1039 1170 oleum
1076 1109 1126 1170 ad·

105 1194 246 1256 miscebis
278 1194 393 1274 aequali
425 1197 526 1276 modo,
559 1204 590 1256 cl
617 1215 685 1257 oum
715 1197 873 1276 diligemur
904 1199 1062 1259 miscueris
1093 1206 1127 1258 ut
1141 1213 1168 1253 ro

105 1281 244 1361 frigidum
272 1285 323 1364 sit,
351 1290 448 1344 totum
470 1303 581 1364 corpus
604 1303 785 1364 perungues.
821 1283 980 1364 aliquando
1008 1294 1039 1347 et
1061 1293 1125 1366 ply-

104 1378 204 1450 gmata
227 1372 332 1451 frigida
354 1374 387 1432 in
405 1373 510 1433 codem
528 1372 645 1453 liquore
664 1375 763 1435 infusa
782 1375 982 1456 sufficienler,
1003 1375 1125 1436 visceri·

104 1459 163 1520 bus
196 1462 435 1543 superimpones,
464 1465 489 1523 si
521 1472 621 1523 tamen
649 1471 746 1524 aestas
777 1463 877 1525 fuerit.
921 1462 1021 1524 bieme
1053 1480 1126 1524 vero

104 1547 199 1609 calida
236 1556 266 1610 ct
302 1549 366 1610 oleo
403 1568 525 1612 rosaceo
563 1556 712 1631 ply'gmata
749 1552 889 1612 infundes
922 1561 954 1613 et
985 1550 1126 1638 simililer

105 1637 272 1699 visceribus
294 1655 434 1717 appones.
1136 1635 1165 1695 '15

194 1726 247 1787 scd
266 1729 292 1786 si
316 1726 392 1786 forle
411 1727 508 1806 aliqua
527 1731 623 1790 tensio
642 1728 826 1808 praecordiis
845 1731 1023 1810 occurrerit,
1046 1737 1124 1791 cata·

103 1815 247 1895 plasmate
279 1817 382 1876 uteris.
427 1815 559 1896 dactylos
593 1815 723 1878 nicolaos
757 1835 883 1878 numero
911 1815 935 1874 V
961 1835 1018 1897 per
1045 1817 1125 1879 diem

103 1921 180 1983 aqua
209 1902 302 1964 calida
329 1904 469 1966 infundes
492 1914 523 1966 el
546 1914 684 1966 conteres
708 1916 739 1967 et
766 1908 798 1967 in
821 1905 914 1967 calida
938 1905 1071 1968 resolves
1094 1914 1125 1968 el

103 1971 248 2072 ddiungcs
275 1990 333 2052 olei
360 1996 476 2054 rosacei
502 1993 652 2056 modicum
681 2003 712 2055 el
728 2013 830 2075 ¹super
861 1997 963 2057 milles
994 1995 1048 2056 lini
1079 2013 1125 2056 se-

103 2082 192 2142 minis
220 2089 320 2160 partes
348 2080 374 2141 ll
402 2089 433 2141 el
460 2081 518 2142 olei
545 2092 660 2162 partem
683 2082 704 2144 l.
733 2091 859 2163 etpost
887 2083 952 2144 dies
980 2083 1166 2163 cataplasso

103 2172 191 2230 malis
226 2168 359 2250 expletos
390 2170 554 2250 le'ripyrelo
582 2174 685 2231 uloris.
733 2173 803 2233 facit
832 2174 911 2232 enim
940 2170 976 2232 ad
1001 2171 1124 2233 ‘febrem

176 2383 189 2430 1
205 2376 362 2432 commissis
377 2394 400 2442 c,
420 2383 500 2430 -ces
510 2395 541 2446 p.
614 2395 698 2432 ovum
713 2376 830 2432 crudum
845 2375 874 2431 .1.
885 2395 917 2447 p,
935 2383 1011 2434 ermir
1027 2380 1124 2448 (ovum

101 2450 217 2517 uuuml)
236 2448 352 2501 crudum
371 2464 393 2502 c.
480 2448 630 2518 lampulo
648 2465 675 2504 c:
703 2448 859 2518 ampullam
873 2465 905 2519 p.
989 2448 1123 2520 frigidam

102 2528 207 2588 aqusm
220 2535 251 2588 p.
325 2525 340 2572 3
359 2517 537 2588 infrigidsbis
552 2536 578 2573 c:
596 2519 627 2573 in
645 2518 751 2588 frigide
769 2519 849 2574 debis
863 2536 895 2589 p.
968 2525 986 2575 4
1004 2520 1072 2575 lana
1089 2536 1123 2589 cp

100 2589 197 2658 (lanea
210 2591 264 2672 1²⁰)-
338 2595 526 2659 operungere
541 2607 573 2659 p.
646 2589 733 2644 eliam
747 2606 798 2645 orn.
813 2607 836 2645 c.
908 2588 998 2660 capiti
1016 2589 1077 2648 eius
1095 2606 1123 2646 cz

101 2660 204 2729 ospitis
227 2677 304 2729 erp.
411 2659 619 2728 aliquantulum
635 2676 664 2729 p.
776 2659 979 2730 llexiperitou
994 2677 1030 2732 p,
1053 2660 1124 2717 lexi-

101 2730 222 2802 pcfiteto
237 2747 261 2785 c.
335 2730 499 2785 Ssinodum
513 2748 536 2799 c,
556 2730 670 2785 siuecon
687 2748 716 2800 p.
790 2731 959 2802 uexprimir
971 2749 1001 2803 p.
1074 2731 1124 2788 ad·

100 2800 203 2857 misces
226 2819 253 2870 c,
277 2802 395 2856 amisces
413 2819 444 2870 p.
555 2809 588 2857 10
611 2801 652 2856 ibe
677 2803 711 2857 ul
728 2820 759 2872 p.
870 2809 902 2857 11
928 2818 1068 2876 perunges
1090 2819 1122 2874 p.

99 2872 241 2944 ptigmela
254 2874 317 2943 (om.
332 2874 371 2941 et)
392 2889 415 2939 c,
435 2873 590 2942 eiplimsta
599 2890 631 2943 p.
705 2879 739 2928 12
754 2873 941 2929 sufficientem
959 2891 983 2940 c,
1002 2873 1080 2930 -lia
1089 2891 1121 2944 p.

99 2961 231 3071 {impii
241 2943 706 3086 333e¹3„⁶;„2;.;r33355p‚<u
724 2944 1123 3089 illicibfllmb

95 3092 140 3160 1⁹⁰·
223 3033 261 3140 Ide
281 3085 335 3140 Sed
353 3101 404 3140 om.
421 3102 449 3154 p.
540 3085 694 3157 asbouitp
716 3086 885 3157 (obcurrerit
898 3057 956 3157 p⁰)s
1046 3091 1122 3143 cele·

100 3156 211 3227 plasme
237 3173 270 3226 cp
300 3157 359 3225 (qui
388 3157 496 3211 aduro
524 3155 692 3227 lexiperibbn
720 3173 748 3226 c,
779 3155 952 3227 lixoporilon
979 3162 1031 3214 auf
1057 3165 1123 3215 unm

99 3243 170 3283 corr.
188 3225 334 3298 lixopeton
351 3244 379 3296 p.
416 3229 489 3297 quod
508 3229 651 3284 dclmdum
668 3229 786 3284 uidetur.
819 3231 855 3296 cs.
874 3246 899 3284 c.
916 3231 976 3296 21).
1086 3234 1120 3285 il

98 3297 189 3354 uteris
212 3297 266 3352 boc
291 3297 374 3352 modo
397 3298 422 3353 d.
444 3315 473 3367 p.
565 3304 621 3354 niro
641 3316 667 3354 c:
691 3315 742 3355 om.
757 3316 788 3368 p.
875 3305 915 3366 418
938 3299 1060 3370 ineque
1078 3313 1120 3371 cp.

99 3369 230 3425 infundes
251 3400 282 3408 —
303 3369 396 3423 calida
418 3385 468 3424 orna.
493 3387 515 3424 c.
624 3373 653 3425 et
672 3386 722 3426 om.
738 3388 769 3440 p.
881 3377 913 3425 19
932 3371 1079 3442 eduugues
1097 3388 1120 3427 c.

100 3438 190 3496 mittis
209 3457 250 3509 cp.
358 3439 409 3495 lini
429 3457 523 3496 semen
541 3459 599 3510 par.
619 3441 652 3497 Il.
672 3458 700 3509 c,
723 3441 775 3496 lini
794 3441 908 3496 seminis
934 3441 1049 3512 pollinis
1067 3441 1122 3512 fele

99 3514 204 3581 perles.
223 3511 258 3567 II.
272 3527 303 3579 p.
376 3515 408 3564 21
429 3510 597 3582 lexiperitou
616 3529 658 3582 cp.
732 3511 807 3567 enim
826 3529 877 3567 cnr.
896 3530 925 3581 p.
