2506 3908
522 219 739 283 ,39-

118 365 208 427 tieula
231 378 302 424 cum
325 366 416 425 ramis
439 371 554 426 murtae
579 366 675 427 siccae
698 365 805 427 elixota
828 371 859 427 et
886 363 1047 444 diligenter
1070 368 1142 427 trita

119 472 186 514 cum
220 450 336 513 modico
370 451 457 515 melle
485 461 516 515 et
546 472 622 534 pane
655 454 754 515 inluso
788 451 1028 536 cataplasmabis,
1061 454 1141 533 quod
1236 509 1237 512 ,

118 541 224 601 Graeci
248 542 402 622 artolagon
421 541 576 621 appellant.
614 545 660 603 stu
678 560 750 602 vero
770 542 1004 621 erysipelatodes
1028 544 1141 604 luerint

117 624 294 691 carbunculi
317 632 346 691 id
371 637 417 690 est
440 648 508 690 cum
532 629 642 690 rubore
665 636 699 691 ut
721 631 753 690 in
776 632 873 690 vicina
900 639 987 708 parte
1010 631 1068 692 sibi
1091 650 1139 693 re·

118 717 173 779 luti
200 720 279 798 iguis
302 737 387 778 sacer
416 717 603 796 ostendatur,
630 717 799 798 plantagine
827 726 879 779 aut
906 719 1065 779 coriandro
1089 730 1168 781 autb

115 805 212 868 iutibo
240 824 310 866 cum
336 824 412 886 pane
441 805 663 885 cataplasmabis
696 805 743 867 bis
775 807 806 867 in
838 806 887 868 die
920 814 952 867 et
984 808 1076 867 semel
1108 809 1140 867 in

117 902 215 956 nocte.
258 901 329 955 tuno
357 912 425 956 oum
453 893 529 956 bene
558 893 643 956 ulcus
671 894 782 955 rideris
810 893 1024 976 depurgatum,
1055 895 1139 956 illusa

115 984 247 1044 trocisco
270 985 366 1044 uteris
388 985 419 1043 in
443 985 511 1043 vino
536 982 630 1043 mulso
654 983 796 1045 resoluto.

452 1140 556 1203 Xlllll.
590 1142 641 1203 Ad
665 1161 800 1205 reuma.

205 1264 391 1344 Intellegitur
413 1283 517 1326 reuma
540 1269 678 1346 quotiens
696 1266 791 1327 valida
813 1266 977 1328 inlluxione
1001 1266 1137 1329 humoris
1151 1279 1178 1320 ¹⁰

114 1354 204 1416 nullis
228 1352 477 1434 praecedentibus
504 1357 602 1416 cattsis
629 1355 727 1417 subito
755 1357 935 1417 intumuerit
958 1355 1153 1445 membrum..

113 1451 145 1504 et
168 1441 334 1523 appellatur
361 1460 378 1502 a
401 1441 522 1504 Graecis
544 1446 707 1505 reomatioe
727 1441 871 1505 diathesis
894 1443 925 1505 id
948 1453 996 1506 est
1019 1437 1141 1506 reuma!
1187 1487 1189 1491 -

114 1530 178 1593 tica'
191 1532 300 1610 passio.
337 1533 483 1610 contingit
505 1531 691 1614 frequenter,
712 1526 716 1616 Ι
737 1534 865 1594 maxime
883 1542 985 1594 minen
1008 1535 1040 1594 in
1063 1535 1133 1594 arti·
1145 1555 1168 1596 a·
1183 1544 1224 1584 20⁴

113 1619 226 1681 curiosis
249 1617 337 1699 locis,
360 1627 394 1680 ut
416 1619 544 1700 exempli
566 1638 654 1681 causa
677 1622 707 1682 in
731 1639 811 1700 genu
829 1630 882 1683 aut
904 1624 936 1683 in
958 1620 1060 1683 cubito
1084 1630 1136 1683 aut

112 1707 216 1788 iugulo
239 1715 292 1769 aut
315 1707 430 1768 maxilla
453 1726 521 1769 oum
544 1726 616 1770 aure
635 1727 731 1789 usque
750 1709 786 1771 ad
809 1717 954 1792 tempora,
976 1709 1135 1789 aliquando
1150 1725 1176 1765 1⁵
1244 1759 1248 1766 .

112 1799 204 1858 etiam
236 1794 325 1856 simul
357 1804 388 1857 et
420 1796 539 1878 taciem,
567 1805 602 1859 ut
627 1800 718 1859 etiam
745 1801 861 1878 ingenti
887 1808 1007 1861 tumore
1035 1797 1135 1860 subito

81 1898 84 1903 ·
111 1884 193 1946 oculi
216 1884 402 1946 claudantur.
438 1884 595 1964 aliquando
618 1904 714 1966 usque
737 1887 773 1948 ad
796 1892 902 1968 guttur
920 1905 1014 1968 supra
1036 1885 1135 1949 dictus

111 1983 213 2036 tumor
237 1972 390 2054 dilatatur,
414 1981 448 2035 ut
469 1975 559 2034 etiam
580 1973 711 2037 thoracis
732 1985 835 2057 partes
858 1976 986 2038 invadat
1084 1996 1108 2018 ‘-

196 2063 235 2122 in
262 2060 468 2124 curationibus
494 2080 565 2124 vero
592 2061 780 2137 abstinentia,
799 2062 860 2127 cibi
886 2064 935 2126 rel
961 2066 1073 2127 ieiunio
1102 2072 1135 2125 et
1235 2123 1238 2127 .

111 2169 128 2211 a
146 2154 216 2213 rino
234 2149 413 2211 abstinentia
431 2159 463 2212 et
482 2154 634 2231 sanguinis
652 2151 837 2216 detractione
855 2171 911 2234 per
929 2153 1131 2216 flebotomiam
1146 2168 1174 2210 ao

110 2248 143 2301 et
165 2241 279 2301 ventris
302 2240 478 2318 purgatione
497 2239 659 2302 cathartico
682 2240 751 2302 dato
770 2244 832 2303 sire
856 2241 985 2322 clystere
1008 2260 1131 2304 evacuo·

184 2450 199 2499 1
215 2445 307 2516 morte
320 2459 350 2513 9:
366 2443 449 2500 mitte
459 2461 501 2514 cp.
574 2445 696 2502 exlixaia
708 2464 735 2519 9,
749 2444 854 2503 elixate
868 2464 891 2516 c,
906 2449 936 2503 et
949 2411 988 2517 iz)
1002 2445 1090 2501 lixate
1099 2462 1132 2516 9.

109 2515 180 2573 trita
196 2533 228 2587 p:
247 2518 312 2570 -te
325 2530 367 2585 cp.
441 2515 632 2586 tertosagion
649 2533 668 2588 9
683 2521 735 2589 (p),
753 2518 923 2643 ariopagion
937 2533 952 2572 c
968 2517 1055 2600 (91.9ζ
1071 2521 1137 2599 ⁸22).-

75 2649 80 2656 ,
110 2587 162 2643 Sin
178 2602 209 2657 9:
230 2585 261 2640 Si
279 2601 321 2656 cp.
367 2655 374 2668 ·
419 2585 705 2672 bepeaipelutodesp3
724 2587 813 2658 caeip‘
843 2587 973 2671 bodone,
991 2586 1130 2657 enupda-

108 2658 191 2800 igini:
203 2674 269 2783 gear
286 2660 892 2799 oettnlllerlicaeuigrlismaeellbligaerdilurloae‘
903 2657 1130 2814 ilglblelnpltacrunl

108 2799 262 2857 ostendant
274 2815 306 2867 p.
397 2803 513 2853 amma
530 2814 576 2868 gez
594 2800 687 2854 mulsa
700 2817 732 2870 p.
817 2802 1006 2857 8troorseum
1020 2841 1050 2883 ·.·
1066 2816 1150 2855 ‚re-¹

108 2870 234 2927 solutum
251 2886 270 2941 9
290 2869 369 2938 (-eo
385 2910 392 2923 .
407 2911 414 2924 .
430 2911 437 2924 .
453 2872 517 2926 -to
536 2872 589 2940 cp).
678 2873 707 2925 in
721 2890 757 2942 pe
781 2886 831 2926 om.
850 2888 892 2942 po.
983 2875 1066 2926 etat.
1085 2871 1129 2925 Ad

107 2975 236 3016 neumam
252 2975 272 3028 9
289 2956 384 3026 (-ma
401 2959 435 3026 c),
456 2941 481 3024 ‘d‘
500 2959 620 3028 (contra)
638 2960 674 3015 de
691 2948 794 3016 reumld
807 2977 839 3031 p.
950 2965 983 3014 12
1007 2960 1043 3028 cf.
1063 2958 1127 3014 Gal.

110 3048 176 3116 XI,
194 3051 240 3103 79.
333 3052 366 3100 18
385 3049 482 3102 tamen
499 3064 530 3116 9:
548 3062 599 3102 om.
618 3065 660 3119 op.
752 3053 784 3103 ld
802 3047 900 3120 iugulo
920 3064 956 3118 p:
979 3033 1086 3119 unglplo
1101 3065 1128 3119 9,

106 3118 139 3173 in
157 3116 288 3188 murgulo
307 3133 330 3172 o.
424 3117 455 3172 in
472 3117 589 3174 maxilla
606 3135 648 3189 ep.
732 3133 801 3174 eure
818 3135 865 3190 pez
884 3135 978 3189 orep.
1061 3118 1129 3174 tim·

106 3206 179 3260 pora
195 3204 222 3258 9,
240 3189 354 3272 tempus
371 3191 432 3260 (τῇ
443 3206 473 3272 p.
491 3191 558 3260 ipos
576 3191 600 3259 c)
618 3206 660 3260 cp.
768 3196 803 3245 te
826 3189 929 3246 faeiem
948 3192 980 3259 (i.
998 3205 1020 3245 e.
1039 3206 1128 3260 usque

107 3260 144 3316 od
162 3260 194 3329 f.)
212 3276 239 3329 9,
258 3258 331 3314 lacre
350 3275 377 3314 e:
396 3261 496 3314 iaorem
517 3263 637 3330 occupat
647 3278 679 3386 p
752 3260 885 3316 austrino
900 3278 927 3317 o:
947 3260 1013 3317 rino
1031 3278 1050 3331 9
1068 3262 1127 3344 ςαδ·

107 3330 245 3387 elinantio
258 3329 316 3385 eibi
329 3333 360 3386 et
378 3331 438 3386 vini
449 3333 490 3400 p).
563 3337 634 3402 sang
667 3331 822 3388 amotione
835 3348 861 3402 9.
934 3331 1127 3389 denotomrann

108 3405 153 3471 (ut
169 3406 286 3471 eenpcr)
301 3420 329 3474 9.
401 3408 436 3456 21
455 3401 566 3458 oliatere
584 3419 602 3476 9
619 3403 734 3474 (distare
751 3404 800 3475 pl,
815 3402 955 3460 eliateriia
971 3419 999 3461 o.
1068 3419 1138 3456 esa-

107 3472 238 3528 ouatione
248 3489 287 3541 p:
306 3473 472 3549 raonebone
492 3476 582 3548 (-tro
602 3476 630 3551 gl
649 3493 683 3552 po
700 3479 746 3548 (nt
765 3493 859 3551 aupro
877 3480 921 3551 9).
