2512 3908
486 124 528 170 .·-
574 123 618 187 34
664 159 705 170 ..
1033 142 1037 149 ·
1071 132 1152 199 ·-,

12 282 15 287 ·
60 316 64 325 .
92 273 226 351 eruperit
247 273 280 332 in
303 277 406 329 ventre
429 265 474 326 vel
496 267 645 326 intestinis
668 275 699 327 et
720 264 792 326 cum*
810 267 963 345 egestione
988 262 1127 349 ventris.

91 361 190 420 sanies
213 359 304 419 luerit
321 354 454 434 exclusa,
476 370 512 412 ex
534 360 618 430 parte
637 355 736 413 curari
754 353 941 437 ostenditur,
956 356 985 417 si
1001 362 1105 419 tamen
1121 360 1130 434 ,ss
1149 399 1168 427 .·-

75 446 220 506 'iebrium
243 443 415 504 discesserit
435 440 569 501 molestia
592 448 659 517 post
682 441 867 519 eruptionem
889 441 976 503 lacta.
1018 460 1023 467 ·
1055 458 1091 497 :a
1110 462 1172 523 .·'.

103 580 107 587 .
179 539 303 610 propter
330 548 364 591 ea
395 530 556 591 curationis
583 535 716 607 tempore
748 529 779 588 in
810 529 875 607 ipso
902 529 994 591 initio·
1015 533 1044 599 si
1070 532 1105 593 in
1136 522 1154 591 .³

63 635 152 681 suno
179 618 244 679 loco
273 618 364 680 luerit
386 619 519 679 conlisus
547 617 643 700 dolor,
671 618 728 678 erit
752 614 952 678 festinandum
974 624 1010 677 ut
1031 628 1104 681 ante
1160 642 1164 648 ·

91 725 179 786 quiam
203 709 299 769 sarriet
320 717 470 788 apostema
496 707 676 768 diaioreticis
699 705 853 767 adiutoriis
879 704 916 766 de
943 703 1104 767 altitudine

5 819 19 848 t.
34 811 76 848 eor
93 795 220 856 lcvatum
244 796 279 857 ad
303 797 490 876 superficiem
514 797 589 855 cutis
613 801 775 874 spargatur.
795 792 801 869 Ι
820 793 851 854 id
872 801 919 855 est
940 795 972 855 in
994 794 1105 874 primis
1188 825 1192 832 ·

90 885 215 962 patienti
238 885 302 946 loco
321 887 513 963 sanguisugas
531 900 661 961 appones
683 881 740 942 boc
762 880 859 942 modo.
895 884 974 943 intra
991 900 1104 949 cucur·

90 970 181 1034 bitam
204 971 406 1033 medicinalem
434 970 526 1030 latum
552 968 705 1030 linteolum
728 970 828 1029 mittes
856 987 953 1048 usgue
975 969 1013 1031 ad
1035 976 1102 1032 sca·

50 1075 77 1114 1⁰
90 1060 175 1140 pulas
202 1059 389 1138 cucurbitae,
415 1061 456 1119 ita
483 1064 518 1118 ut
543 1056 619 1118 labia
646 1059 739 1136 ipsius
768 1056 940 1119 cucurbitae
971 1061 1101 1139 operias
1152 1071 1166 1136 J

89 1151 120 1209 iu
144 1166 203 1227 quo
225 1146 346 1207 linteolo
370 1149 563 1227 sanguisugas
584 1145 792 1226 quamplures
813 1146 955 1227 proicies,
979 1152 1011 1208 et
1031 1147 1118 1210 loco·
1140 1188 1143 1193 -
1182 1165 1185 1169 ·

89 1235 201 1296 dolenti
228 1233 412 1296 cucurbitam
441 1245 642 1316 supervertes‚
671 1244 701 1295 et
729 1233 834 1295 leviter
856 1253 891 1295 ac
913 1234 1103 1325 sufficienter(
1147 1240 1150 1245 '

88 1325 120 1383 iu
139 1324 267 1385 circuitu
285 1323 438 1385 linteolum
456 1324 569 1403 trahes,
590 1342 649 1401 quo
666 1325 783 1402 possint
800 1324 997 1402 sanguisugae
1015 1325 1111 1385 corio-

88 1411 135 1473 rel
162 1415 224 1474 cuti
252 1413 399 1493 applicari.
440 1412 497 1473 hoc
525 1430 594 1471 vero
617 1410 767 1471 moderate
796 1411 899 1492 iacies,
926 1429 965 1472 ne
986 1411 1101 1475 iterum
1143 1418 1173 1489 ζ,

49 1513 75 1552 15
89 1501 179 1560 nimia
197 1503 330 1579 augustia
349 1502 561 1581 opprimantur.
597 1507 628 1560 et
646 1517 713 1559 cum
732 1497 881 1560 morsibus
898 1497 1113 1582 adhaeserint,-

88 1587 274 1648 cucurbitam
306 1607 374 1648 cum
406 1587 526 1649 lintoolo
558 1587 688 1667 auferes,
720 1594 750 1648 et
778 1590 857 1648 sines
883 1587 979 1648 donec
1006 1606 1099 1669 supra

88 1675 167 1736 dicta
185 1676 319 1737 animalia
342 1678 483 1755 sanguiue
502 1676 679 1755 repleantur.
716 1683 788 1736 tunc
806 1693 927 1756 asperso
945 1675 1007 1738 sale
1024 1679 1098 1761 trito
1191 1690 1194 1698 ·

88 1767 281 1845 sanguisugas
307 1765 472 1826 removebis
500 1772 530 1824 et
556 1765 654 1825 locum
680 1781 850 1846 perungues
876 1772 908 1825 et
935 1766 977 1825 in·
990 1760 1125 1841 codoma-

88 1851 153 1913 loco
181 1852 365 1915 cucurbitam
392 1852 505 1913 adiecta
531 1852 646 1913 flamma
672 1855 757 1932 liges,
786 1861 817 1914 et
842 1847 1172 1932 salmonte-³555?

16 2006 21 2012 ,
47 1952 74 1993 ²0
88 1941 188 2001 trahes
211 1952 353 2020 quantum
377 1959 481 2002 causae
501 1940 636 2001 sulficere
661 1941 753 2002 lucris
773 1939 942 2002 arbitratus.
979 1949 1010 2003 et
1026 1947 1109 2022 post·

89 2027 304 2090 detractionem
327 2031 478 2108 sanguinis
501 2027 639 2108 butyrum
663 2031 765 2089 tritum
788 2047 856 2091 cum
881 2030 960 2090 nitro
987 2029 1097 2092 inlincs

89 2126 120 2178 ct
142 2117 205 2177 lana
231 2117 331 2178 sucida
355 2119 508 2196 cooperies
531 2128 561 2177 et
582 2116 693 2195 ligabis.
730 2119 781 2178 sed
803 2120 828 2179 si
851 2119 928 2179 torte
950 2119 1119 2199 temporis*
1148 2146 1162 2168 -·

88 2208 163 2265 ratio
187 2205 232 2266 vel
255 2205 313 2266 loci
336 2204 460 2284 quialitas
484 2206 609 2266 iecerint
630 2215 663 2266 ut
686 2207 811 2267 irueniri
834 2207 955 2267 minime
976 2207 1096 2287 sangui·
1136 2250 1140 2257 ,

160 2417 173 2464 1
194 2411 300 2480 ruperit
318 2429 376 2481 pcp.
458 2411 610 2466 inventrem
628 2429 654 2482 g,
675 2413 750 2468 -tro
768 2428 801 2482 tp
820 2410 849 2482 (i
869 2436 902 2458 ==
920 2411 950 2468 id
968 2413 1013 2469 est
1030 2416 1096 2471 ante
1130 2404 1148 2447 .'-

38 2527 41 2533 .
85 2479 213 2536 iuvenire
227 2483 323 2537 torserit
332 2483 375 2552 p).
448 2481 607 2536 3molestia
620 2500 665 2553 ep:
679 2481 817 2539 modestia
830 2483 894 2552 (sie)
905 2500 932 2554 g.
1003 2482 1105 2540 ming·
1143 2505 1148 2514 ι

32 2633 35 2639 .
84 2587 189 2670 iactam
202 2605 261 2658 ρῳ.
353 2556 535 2659 tl'rothii.⁸
563 2589 634 2660 >g⁰‚
646 2587 798 2671 Propterea
810 2605 835 2644 c:
849 2603 900 2645 oro.
910 2607 942 2659 p.
1024 2589 1095 2647 ile·

85 2659 152 2711 vutu
162 2676 199 2727 p:
214 2662 279 2713 —ta
291 2665 322 2728 9⁰
334 2662 511 2729 (efisuprap.
522 2661 631 2728 33‚19).
702 2662 811 2728 ng(cp).
883 2657 1095 2730 sanguinum

85 2733 148 2782 ante
177 2746 245 2784 corr.
277 2747 294 2798 g
324 2731 399 2795 (item
423 2748 447 2786 o.
475 2738 509 2786 11
534 2749 551 2801 g
579 2737 602 2787 et
629 2735 693 2785 autc
723 2747 793 2785 corr.
819 2745 845 2786 o.
871 2736 908 2786 13
934 2736 960 2786 ei
985 2735 1027 2790 23
1052 2733 1095 2801 o),

85 2799 198 2868 sanguis
227 2817 309 2869 sugas
339 2805 382 2865 (ut
406 2810 519 2870 correptor)
541 2820 571 2870 p.
693 2807 723 2854 11
752 2799 853 2871 proicis
877 2808 943 2872 pcp⁶
968 2800 1110 2872 (proficis¹

84 2875 148 2924 onte
166 2887 235 2926 corr.
250 2888 293 2940 p).
385 2878 416 2925 12
436 2874 608 2941 supervertes
625 2888 670 2941 gc:
689 2888 812 2941 appones
825 2888 856 2941 p.
940 2871 1044 2929 leviter
1060 2888 1095 2942 ga

85 2939 185 2995 leniter
203 2958 244 3011 cp.
318 2950 349 2997 13
369 2959 424 3011 quo
442 2960 474 3012 g:
493 2943 821 3012 quod(q)p‚inqooc.
855 2985 861 2994 .
894 2941 1095 3014 iliacisgep.
1128 3012 1131 3017 Ι

87 3017 119 3066 16
139 3010 207 3068 sinis
226 3029 283 3082 pop.
359 3021 391 3068 18
409 3013 565 3069 removebis
582 3031 610 3082 p:
630 3030 757 3069 remores
770 3031 803 3083 p,
820 3029 915 3069 mores
933 3030 955 3070 c.
1027 3029 1094 3084 por·
1137 3044 1140 3051 ·

84 3099 171 3152 unges
190 3101 231 3153 gc,
250 3083 327 3152 -gis
343 3102 373 3153 p.
459 3091 493 3140 20
511 3101 592 3139 cause
610 3101 637 3140 c:
656 3101 740 3139 causa.
756 3101 789 3154 9,
806 3099 856 3140 om.
870 3102 901 3154 p.
987 3090 1022 3140 21
1040 3083 1095 3140 bn·

83 3153 136 3221 ty(i
152 3158 256 3224 cp)rum
275 3171 300 3222 p.
372 3152 466 3209 inlinis
479 3173 505 3224 g,
526 3154 612 3210 illinis
626 3171 648 3222 c,
666 3154 730 3210 linis
743 3172 771 3222 p.
843 3161 877 3210 22
891 3155 1018 3225 cooperis
1030 3171 1093 3226 gap.
1146 3196 1149 3202 ·

83 3229 117 3279 2³
142 3224 267 3280 lecerunt
290 3224 386 3294 (iecei)
409 3242 440 3295 g,
459 3226 556 3281 iecerit
573 3244 600 3293 c,
622 3225 743 3281 abluerit
760 3243 790 3296 p.
896 3229 929 3282 ut
941 3243 978 3298 p:
1002 3227 1034 3282 et
1049 3241 1093 3298 gc.

83 3294 202 3351 inveniri
220 3313 265 3364 cp:
284 3294 399 3350 iuvenili
417 3297 478 3365 (sie)
496 3315 521 3366 g.
628 3315 649 3353 s.
673 3296 786 3352 minime
809 3299 926 3367 possunt
942 3314 971 3365 c,
993 3315 1015 3354 ι
1034 3313 1094 3353 non

82 3365 191 3435 possint
208 3384 236 3437 p.
