2506 3908
525 196 766 260 ,134-

225 341 313 402 aliud.
365 338 401 398 ad
436 336 534 398 colum
566 344 598 397 ct
628 338 789 399 ischuriam
824 337 854 396 id
887 347 934 400 est
965 341 1070 401 urinae
1102 337 1150 401 ab·

136 430 307 489 stineutiam
330 433 362 486 et
389 423 425 484 ad
453 424 581 486 strosum
609 424 640 485 id
667 432 714 486 est
740 431 852 484 tortum
880 429 1001 488 ventris.
1042 429 1150 507 cymini

137 513 290 576 torrefacti
320 519 351 572 et
373 511 443 573 salis
465 511 487 584 9
511 512 657 593 singulos,
682 512 796 591 piperis
822 528 913 590 grana
936 512 1026 574 XXX.
1068 514 1151 576 dahis

137 610 234 662 totum
261 598 365 661 bibere
388 619 457 662 cum
481 618 574 681 aqtrae
601 598 718 681 tepidae
744 599 905 661 sufficienti
927 601 1025 662 modo.
1062 605 1150 663 etiam

110 696 168 748 tet
195 685 347 750 conditum
370 689 549 753 neireticum
577 691 751 770 frequenter
773 687 837 749 dari
865 695 997 768 oportet,
1024 692 1150 750 maxime

137 777 162 836 si
185 777 250 836 sine
273 775 357 839 iebre
380 779 479 841 luerit.
543 825 548 835 .

225 863 313 927 aliud.
354 866 390 927 ad
423 867 616 928 inflationem.
657 866 797 947 epithima
823 864 869 926 dia
900 872 1072 945 spermaton
1101 873 1151 924 aut

137 951 184 1012 dia
203 971 342 1016 samsucu
361 957 503 1034 superius
525 954 561 1014 ad
580 953 761 1014 inflationem
779 953 923 1013 stomachi
946 955 1150 1032 conscriptum

136 1058 275 1121 appones.

96 1142 122 1182 1⁰
225 1130 313 1191 aliud.
356 1128 392 1189 ad
421 1127 528 1190 colum.
569 1127 658 1190 alium
687 1130 799 1190 siccum
828 1145 895 1188 cum
923 1127 1041 1189 modico
1065 1129 1150 1189 melle

136 1219 239 1296 pipere
263 1224 294 1277 et
316 1217 466 1278 coriandri
490 1217 568 1279 soliis
590 1218 753 1279 contritum
774 1216 873 1277 addito
896 1215 1058 1295 liquamine
1081 1234 1149 1277 cum

135 1304 200 1364 oleo
228 1323 335 1386 spano,
363 1313 506 1368 anteum
532 1308 599 1367 iure
626 1305 754 1386 pullino,
776 1323 836 1365 non
859 1304 924 1364 oleo
953 1304 1004 1366 sed
1029 1304 1149 1366 condito

136 1394 310 1476 commixto,
338 1392 513 1454 mirabiliter
540 1393 643 1454 colicis
669 1392 835 1454 auxiliatur.
876 1399 928 1452 aut
950 1400 1032 1452 certe
1056 1395 1151 1472 ipsius

136 1479 185 1541 alii
213 1484 310 1560 spicas
336 1489 478 1562 purgatas
506 1483 652 1562 integras,
679 1482 705 1541 si
732 1479 905 1558 grandiores
929 1497 1055 1540 numero
1079 1488 1150 1561 tres,

95 1579 122 1620 1⁶
136 1569 161 1627 si
198 1571 327 1630 minutas
358 1567 383 1626 V
414 1577 467 1629 aut
497 1567 561 1650 Vll,
597 1570 767 1649 vespertino
799 1575 933 1647 tempore
967 1576 1149 1630 transvoret:

135 1673 253 1717 omnem
276 1658 485 1719 ventositatem
507 1675 576 1719 cum
599 1657 764 1737 dogmatico
786 1656 912 1716 humore
935 1655 1064 1717 deducit.

223 1747 250 1806 si
280 1764 351 1807 vero
385 1745 500 1807 iliacam
531 1747 700 1826 passionem
733 1745 826 1823 signis
857 1762 946 1822 supra
976 1747 1149 1806 memoratis

135 1836 303 1915 agnoveris,
344 1833 498 1914 praedicto
539 1835 686 1913 passionis
720 1831 868 1913 periculo,
906 1832 1149 1911 permittentibus

136 1919 263 2002 viribus,
286 1930 354 1982 ante
378 1939 467 2000 quam
490 1922 526 1982 ad
550 1929 717 1982 stercorum
739 1922 882 1981 vomitum
904 1923 1094 2002 perveniant,
1118 1923 1148 1982 in

95 2020 121 2062 20
135 2006 256 2070 brachio
293 2028 397 2071 venam
434 2027 534 2070 cavam
566 2008 693 2071 mediam
725 2006 938 2069 ileliotomahis.
987 2010 1014 2068 si
1049 2018 1149 2070 tamen

136 2098 272 2159 nimietas
299 2097 410 2158 doloris
439 2100 584 2179 coegerit,
611 2099 699 2158 etiam
728 2104 759 2158 et
787 2095 1028 2176 vaporationibus
1051 2106 1083 2158 et
1106 2100 1148 2158 iu·

135 2186 311 2247 iectionihus
344 2203 434 2265 supra
470 2187 641 2246 memoratis
673 2187 718 2246 uti
755 2191 881 2264 oportet
926 2184 979 2244 sed
1012 2187 1038 2244 si
1072 2186 1148 2246 sorte

135 2274 224 2335 nimia
256 2275 468 2336 intestinorum
500 2273 643 2334 verticula
675 2275 736 2335 sive
774 2272 955 2333 involutione
992 2282 1148 2353 acceptum

208 2467 222 2515 1
241 2460 389 2517 isauriam:
408 2460 477 2532 dis(s
490 2460 606 2531 c)uriam
624 2477 666 2530 cp.
738 2467 754 2517 2
773 2461 809 2516 ad
831 2461 971 2516 scordium
989 2460 1027 2515 ad
1045 2463 1108 2517 tore
1126 2479 1149 2530 c,

135 2530 300 2588 adstrictum
318 2532 338 2588 i.
356 2533 462 2588 lorium
476 2549 508 2602 p.
579 2531 772 2602 8511191111
785 2548 807 2587 c.
880 2531 1020 2587 ibibera:
1039 2532 1112 2588 libra
1126 2549 1148 2597 c.

134 2618 223 2672 orep
241 2606 285 2671 (ut
302 2605 385 2660 δίδου
403 2605 498 2658 πίνειν
517 2603 601 2672 Gal).
673 2618 748 2673 aqua
770 2601 867 2671 tepida
885 2618 926 2671 cp.
999 2602 1149 2658 sufficienti
1183 2638 1191 2645 -

134 2673 219 2729 modo
238 2690 274 2744 p:
297 2674 482 2730 sufficientem
505 2675 620 2730 modum
644 2690 666 2729 c.
756 2673 842 2728 eiiam
863 2689 913 2727 om.
933 2688 954 2728 c.
1046 2678 1148 2730 oneu-

135 2743 236 2799 tretici
255 2761 283 2812 c,
305 2745 471 2815 neireiiip.
542 2743 664 2801 maxime
676 2743 708 2798 'ai
725 2760 752 2799 cz
775 2742 802 2798 ei
823 2742 945 2798 maxime
963 2743 1013 2814 qui
1027 2760 1058 2814 p.
1132 2751 1148 2799 6

134 2849 213 2905 febre
231 2865 254 2919 a,
273 2849 353 2905 -srr
374 2819 463 2921 (-o¹3)
477 2866 510 2919 p.
581 2857 597 2905 a
617 2848 765 2920 epithimia
781 2865 811 2917 a,
829 2847 935 2931 epium
948 2865 980 2919 p.
999 2919 1006 2932 ‚
1053 2854 1070 2903 s
1089 2850 1148 2904 ara-

135 2937 284 2976 sanaucum
301 2937 329 2987 e,
352 2937 421 2976 —co
435 2937 466 2990 p.
539 2927 574 2975 10
592 2921 696 2976 collum
713 2936 756 2990 cp.
828 2921 886 2974 altit
904 2937 931 2989 c,
956 2920 1056 2975 allium
1075 2924 1149 2990 (ante

134 3007 204 3048 corr.
228 2991 335 3061 elbum)
355 3009 387 3063 p.
458 2990 544 3046 mella
560 3007 611 3048 ort
625 3007 656 3060 g.
730 2989 906 3060 11f01iiap:
931 2990 1042 3062 folio-c.
1114 2991 1149 3046 li·

135 3077 285 3148 caminap‚
301 3079 416 3135 modica
433 3071 567 3151 alidmine
585 3096 608 3135 c.
680 3096 743 3134 cum
758 3084 805 3148 pi:
830 3080 913 3147 einp.
986 3083 1019 3132 12
1038 3079 1147 3148 polline

130 3165 165 3218 p:
184 3148 290 3218 polline
308 3167 331 3206 c.
418 3157 451 3206 18
471 3153 623 3208 commesto
641 3165 669 3218 c,
687 3152 839 3205 comestum
854 3165 885 3218 p.
968 3155 1001 3203 11
1019 3149 1089 3204 allei
1106 3166 1147 3219 cp.

135 3223 191 3274 niro
214 3221 271 3275 tres
289 3239 316 3277 c:
340 3221 389 3276 Ill.
403 3240 434 3293 p.
525 3226 559 3277 15
583 3221 608 3276 ai
624 3219 746 3275 minutas
764 3236 791 3275 c:
814 3220 922 3274 minute
936 3236 967 3289 p.
1057 3222 1148 3276 trans·

136 3292 231 3344 vorate
248 3308 272 3348 c.
376 3300 411 3348 16
429 3291 544 3348 deducit
561 3309 588 3359 c,
608 3294 711 3346 -cunt
727 3292 777 3359 (ct)
790 3307 822 3360 p.
928 3297 959 3344 17
978 3290 1103 3359 yliaeam
1116 3308 1147 3361 p,

134 3359 239 3415 illicem
258 3379 280 3418 c.
361 3369 397 3418 20
414 3380 488 3418 vena
505 3379 575 3418 cava
592 3361 686 3418 media
698 3378 734 3431 p,
756 3378 856 3416 venam
875 3361 997 3416 mediam
1016 3379 1038 3417 c.
1113 3369 1146 3417 21

134 3429 219 3484 etism
238 3448 289 3490 ora,
308 3450 324 3489 e
341 3436 382 3501 (et
398 3435 464 3489 cdd.
479 3435 535 3504 ρο).
607 3431 833 3488 iniecistionibus
852 3448 873 3488 c.
