2512 3908
497 240 739 304 -137—

102 398 138 447 et
161 385 250 445 simul
274 393 353 445 teres
377 393 408 446 et
430 387 540 447 iterum
559 383 736 446 admisoehis
756 385 874 463 adipem
898 385 1056 463 porcinum
1080 404 1125 446 re·

100 482 224 536 centem
260 472 421 536 sufficienti
454 475 555 555 modo,
586 482 639 535 aut
666 491 721 552 pro
753 473 839 552 adipe
871 472 971 534 oleum
1003 490 1126 532 roseum

100 560 257 622 modicum
288 564 388 625 mittes
416 571 447 624 et
474 563 598 624 induces
626 570 657 623 et
683 579 814 640 appones
842 559 888 620 bis
921 563 952 620 in
980 561 1042 642 die,
1074 561 1126 622 ali·

101 649 225 728 quando
249 659 279 712 et
302 650 395 712 semel
422 653 454 710 in
478 659 578 723 nocte,
606 649 643 709 ad
667 657 785 709 noctem
809 666 880 708 vero
907 650 1051 727 praetotis
1074 669 1126 730 pe·

101 737 208 821 dibus,
230 742 258 800 si
279 747 377 801 aestas
400 739 493 799 suerit
515 746 546 799 et
568 739 684 798 iuvenis
707 746 815 817 aetate,
843 735 950 816 frigida
973 753 1050 814 aqua
1073 746 1151 799 auto

100 837 187 888 certe
214 846 305 908 posca
332 833 453 906 aquata,
481 835 511 887 et
538 835 697 906 postquam
720 826 828 886 foveris
857 825 996 904 deterges
1022 833 1052 885 et
1081 829 1124 886 sio

100 933 245 996 appones.
282 914 379 976 hieme
403 932 475 975 vero
498 933 588 994 posca
611 913 703 975 calida
726 913 912 973 iomentabis.

193 1002 283 1065 aliud.
319 1003 356 1064 ad
379 1002 511 1065 fervidos
533 1011 676 1064 tumores.
712 1001 836 1062 herbam
858 1001 1061 1061 lenticulatam
1085 1002 1122 1062 de

100 1093 218 1172 stagnis
236 1091 404 1154 virentibus
423 1090 544 1170 colliges
562 1100 592 1152 et
611 1110 679 1152 cum
699 1090 815 1150 modico
836 1097 920 1149 aceto
944 1092 1045 1150 tritam
1068 1093 1123 1150 im·

100 1198 213 1262 pones,
237 1190 268 1242 et
290 1182 401 1260 iugiter
423 1178 561 1241 mutabis.
1139 1195 1166 1234 ro

193 1267 283 1329 aliud.
329 1287 402 1330 uvae
434 1268 554 1348 lupinae
581 1286 687 1329 sucum
716 1276 747 1327 et
779 1265 929 1326 coriandri
958 1284 1066 1328 sucum
1095 1276 1125 1328 et

99 1358 265 1437 iusquiami
287 1375 396 1418 sucum
417 1358 450 1417 in
473 1374 533 1417 ιιιιο
556 1355 764 1416 commiscebis
787 1368 818 1415 et
840 1354 946 1415 illines.

261 1514 336 1577 Llll.
372 1515 421 1576 lo
443 1515 679 1577 ischiadioam
703 1524 737 1576 et
760 1514 966 1594 psiadicam.

193 1638 326 1720 Utraque
358 1640 458 1720 passio
490 1639 546 1700 sub
578 1656 689 1718 aquoso
722 1648 752 1699 et
785 1638 891 1717 frigido
930 1639 1123 1698 reumatismo

101 1728 243 1790 efficitur.
295 1736 326 1790 et
357 1735 405 1789 est
435 1727 593 1789 ischiadica
626 1730 756 1788 causatio
789 1729 819 1787 in
852 1726 1004 1806 verteme,
1042 1726 1122 1806 quod
1139 1740 1163 1780 ιι

54 1859 65 1867 -
102 1815 211 1878 Graeci
233 1817 349 1877 ischion
372 1826 492 1897 vocant,
516 1819 654 1896 quotiens
677 1819 740 1895 ipse
760 1833 869 1876 nervus
893 1817 1021 1875 interior
1043 1817 1123 1875 inter

100 1903 278 1967 vertebrum
305 1904 498 1985 frigidissimo
524 1905 660 1984 flegmate
688 1905 780 1965 suerit
812 1905 938 1964 infusus.
983 1904 1123 1982 psiadicis

102 2011 175 2054 vero
195 1994 324 2055 musculi
341 1996 498 2073 patiuntur
516 1993 651 2054 similiter
670 2011 761 2071 supra
779 1992 896 2052 lumbos
918 1993 1001 2052 iuxta
1020 1993 1122 2071 spinae

177 2165 241 2218 lei
259 2163 363 2218 iterum
376 2181 414 2234 p:
437 2163 550 2218 Itemc.
622 2164 759 2218 admisces
778 2179 818 2232 cp
892 2162 1040 2231 ιιᾱίροιιι
1059 2179 1123 2232 por-

102 2234 200 2290 cinum
217 2251 313 2290 recens
331 2234 484 2289 sufficienti
500 2234 584 2290 modo
602 2251 639 2304 p,
664 2235 776 2303 adipem
798 2233 907 2302 pomini
929 2233 1042 2287 recente
1066 2233 1123 2286 suf·

101 2305 246 2362 ficientam
263 2304 420 2389 modnmc.
492 2321 643 2372 rossano,
662 2322 702 2388 ro.
716 2323 747 2375 p.
821 2303 948 2358 3mittis
966 2320 1007 2372 cp.
1080 2304 1122 2357 in-

102 2377 184 2432 ducis
202 2378 233 2431 ei
250 2376 410 2447 apponise,
429 2375 574 2459 inductum
594 2376 756 2446 opponisp
829 2375 984 2443 bisceop.
1057 2379 1124 2430 tet

102 2449 181 2517 (nnio
201 2447 300 2515 semel)
323 2463 374 2502 om
394 2463 425 2517 p
515 2447 546 2501 in
568 2449 650 2502 nocie
669 2464 719 2502 om
739 2464 761 2502 c
852 2446 888 2500 ad
907 2447 1065 2500 nociemc:
1093 2445 1123 2499 in

101 2537 187 2592 nocie
204 2536 374 2606 (iterump.
455 2552 521 2591 vero
540 2551 590 2591 orn.
609 2552 631 2590 c
703 2535 869 2603 proferne,
888 2521 1031 2608 piofflsp.
1105 2539 1122 2588 8

100 2609 228 2663 tumores
240 2623 285 2690 1²¹,
296 2553 448 2662 doloresc
552 2607 579 2659 h
597 2604 794 2660 lenticulntam
813 2606 874 2673 (sie)
892 2589 1006 2673 o(p‘)=
1026 2601 1124 2673 φακὸν

101 2696 153 2733 tos
177 2672 226 2733 iat
247 2677 304 2732 τῶν
327 2673 472 2749 unipotens·
495 2677 541 2732 Ps.
561 2675 623 2731 Gal.
645 2676 739 2744 XIV,
758 2681 823 2731 386.
933 2683 949 2730 9
972 2676 1123 2746 ιιιειὶδςο,

99 2750 259 2866 unitim
367 2783 480 2855 colligis
498 2799 540 2853 cp.
649 2783 789 2849 (herba.
805 2781 961 2851 .)tritap.
984 2784 1121 2836 tutatio.

100 2853 198 2927 iponis
209 2871 235 2924 p
252 2855 348 2922 (-nes
367 2857 401 2924 o).
485 2860 516 2907 11
536 2855 566 2908 et
583 2853 725 2908 coriandri
743 2871 886 2907 sucumc:
905 2869 957 2907 orn
971 2869 1004 2921 p.
1088 2859 1121 2906 ta

100 2925 393 3010 ipnfic,in16(in
410 2924 477 2981 vino
495 2930 559 2979 cute
577 2941 661 2990 corr,
684 2924 713 2977 in
734 2941 789 2977 nno
808 2925 936 2992 corr.)p.
1046 2939 1121 2978 com·

100 2996 204 3052 misces
226 2996 258 3051 et
274 2982 423 3080 illiniscp.
534 3002 566 3049 13
585 2995 629 3048 ad
647 2995 719 3049 sciat
720 2994 794 3048 icam
812 2999 842 3049 et
859 2994 1055 3064 psiaticamc,
1080 2994 1121 3048 De

100 3065 337 3139 passionibnsf
360 3013 416 3122 di
413 3068 444 3121 ei
456 3066 555 3134 aquosi
569 3065 742 3120 reumatismi
753 3083 776 3146 p
794 3066 848 3132 (Ad
865 3065 961 3119 soiada
974 3068 1004 3117 et
1021 3064 1122 3134 psisda

100 3087 163 3194 ind
172 3140 216 3208 p)
291 3143 324 3192 14
368 3141 466 3208 ireque
486 3137 663 3206 (Uterqueo)
686 3137 870 3205 passiones.
887 3133 1071 3191 efficiuntur
1088 3153 1122 3204 cp

102 3208 240 3279 (Utroque
261 3207 411 3292 passio..
431 3211 579 3265 .reumate
607 3207 727 3262 efficitur
751 3208 825 3262 Petr.
845 3225 876 3276 p.
898 3210 976 3274 256).
1088 3211 1121 3260 to

100 3279 249 3336 iscindion.
267 3279 402 3349 psiocec,
416 3278 544 3348 psidinca
553 3296 583 3347 p.
657 3278 731 3346 quod
740 3296 771 3347 p,
786 3294 907 3346 quomo.
983 3283 1015 3331 16
1030 3276 1120 3331 isoion

102 3351 188 3420 (caet.
207 3351 317 3420 Aurp
318 3357 387 3406 29.
407 3357 450 3404 31.
483 3352 518 3417 cs.
533 3351 610 3418 ota).
638 3349 772 3418 coxilep,
791 3349 884 3402 nexile
903 3366 918 3402 c
936 3349 1011 3414 (item
1025 3347 1122 3428 Simon

102 3441 124 3477 s
144 3420 312 3490 „onileg
294 3367 500 3477 euertebrnm
519 3419 580 3475 eas
600 3421 636 3474 se.
656 3437 696 3475 ea.
716 3421 751 3474 de
769 3420 919 3485 solutioni)
1008 3424 1040 3472 17
1060 3417 1121 3487 psie

102 3491 230 3548 ιι(1ιι(ιιιιι9
248 3508 275 3560 c,
295 3491 425 3547 scindicis
439 3509 471 3562 p.
