2512 3908
523 205 763 268 ..144-

129 368 205 429 aqua
228 351 348 411 diurnis
364 345 473 406 diebus
489 349 599 406 ieiunis
615 348 644 406 si
663 346 795 423 dederis,
816 354 900 406 recte
918 347 1022 408 iacies
1058 347 1147 407 etiam

128 447 162 499 et
186 433 436 498 destinationibus
461 435 649 494 ceromatiu's
673 442 707 493 et
732 430 1023 496 deambulationibus
1049 444 1083 496 et
1108 434 1146 494 la·

128 527 225 584 raetis
261 519 456 582 calidioribus
491 531 523 583 et
557 523 666 582 ceteris
696 519 957 580 exercitationibus
991 521 1147 583 usualibus

129 613 252 670 omnino
279 628 341 670 non
367 609 551 690 prohibebis
590 618 623 671 et
647 611 761 670 viscera
787 625 892 668 eorum
919 607 972 666 tali
1003 609 1145 689 cataplas-

101 707 207 759 smate
243 697 380 779 curabis,
419 698 479 760 boc
513 708 562 760 est
595 700 656 779 apii
688 698 825 778 seminis,
864 694 976 756 malvae
1012 699 1145 775 seminis,

128 786 272 847 bacarum
303 786 396 869 lauri,
431 790 557 868 cymini,
591 787 710 866 pollinis
743 784 806 846 lolii
840 794 893 847 ant
922 785 1030 864 tritici,
1066 783 1146 844 lacni

128 877 390 954 graeciseminis,
418 873 912 954 omniumVlcotylassingulas,
938 872 994 934 lini
1020 873 1145 934 seminis

128 962 292 1045 cotylasll,
309 966 477 1024 caricarum
494 965 650 1042 pinguium
666 961 824 1039 diligenter
841 969 999 1022 tunsarum
1016 978 1144 1022 numero

128 1049 168 1133 C,
194 1051 292 1112 mellis
319 1047 1143 1127 lib’lScnmcalidaetoleooouooqnesetcata·
1204 1115 1207 1120 ,

87 1151 115 1191 1⁰
127 1138 287 1219 plasmabis
314 1156 372 1217 per
397 1137 465 1198 dies
490 1156 616 1199 numero
642 1136 684 1197 ΙΙΙ
709 1146 762 1197 aut
787 1135 820 1197 V.
862 1138 951 1196 etiam
978 1145 1012 1197 et
1039 1140 1144 1199 urinas

126 1225 305 1307 provocabis
326 1225 500 1306 potionibus
521 1226 677 1288 diumticis
692 1243 784 1306 supra
800 1225 981 1285 memoratis
1017 1234 1050 1284 et
1071 1244 1142 1305 pnr-

126 1316 276 1392 gatorinm
307 1333 346 1376 ex
379 1315 531 1396 epithymo
565 1315 749 1393 conlectum,
783 1313 864 1392 quod
893 1311 1142 1373 melancholicum

127 1403 275 1483 depurget
309 1403 483 1484 humorem,
520 1421 582 1463 non
616 1401 713 1462 solnm
750 1400 843 1461 semel
869 1395 932 1460 'sed
966 1401 1144 1480 frequenter

127 1490 220 1552 dabis.
252 1494 341 1552 cuius
363 1491 583 1552 conlectionem
604 1491 769 1570 purgatorii
790 1490 930 1568 superius
951 1488 989 1548 ad
1010 1488 1144 1550 maculas

86 1581 228 1657 unigras
258 1581 447 1658 scripsimus
496 1585 528 1639 et
557 1585 627 1658 pnst
655 1578 862 1658 purgationem
896 1575 1059 1638 adbibitam
1094 1576 1143 1637 dia

127 1674 300 1745 spermaton
327 1667 501 1747 epitbimate
527 1668 637 1748 uteris,
666 1665 747 1745 quod
777 1665 917 1745 superius
947 1665 985 1725 ad
1011 1667 1142 1726 ventosi-

125 1762 218 1816 tatem
240 1755 389 1816 stomacbi
409 1754 577 1817 scribentes
598 1755 835 1816 memmimus
1109 1803 1112 1807 .

421 1911 493 1974 ivi
528 1912 578 1974 sd
600 1914 851 1974 emitritacum

213 2035 392 2097 Emittitaeo
418 2035 587 2098 laborantes
613 2039 658 2097 sic
682 2035 838 2115 intellegis
878 2035 927 2097 die
952 2037 1034 2096 inter
1061 2034 1142 2096 diem

85 2137 113 2178 ιο
125 2126 328 2185 accessionem
347 2127 504 2204 patiuntur
520 2132 640 2205 praeter
656 2133 818 2185 memorem
839 2124 968 2204 [rigoris
1003 2126 1035 2184 in
1054 2125 1141 2185 initio

125 2214 306 2273 accessionis
328 2214 475 2293 impetum
492 2215 626 2274 sentiunt
646 2215 679 2273 in
695 2215 867 2293 superiores
888 2213 1021 2292 pectoris
1038 2221 1141 2292 partes

124 2302 204 2361 circa
231 2303 359 2361 arterias
386 2319 457 2362 cum
479 2302 588 2362 sudore
611 2300 705 2361 calido
727 2309 759 2363 et
780 2301 898 2362 roscido
926 2302 958 2360 in
985 2300 1070 2362 vultu
1093 2301 1141 2362 rel

197 2477 211 2524 1
230 2470 355 2526 dinmis:
378 2469 518 2526 diuturnis
535 2487 577 2554 cp.
673 2470 743 2525 sid
761 2471 789 2524 d
805 2469 826 2526 i
843 2469 925 2526 debis
949 2469 1072 2539 (dederis
1089 2473 1138 2540 ιθ)

123 2544 154 2597 eb
174 2544 252 2597 recte
274 2541 346 2596 lucia
367 2559 402 2612 p,
424 2541 453 2596 d
471 2541 498 2595 d
516 2540 654 2597 imunfiri
676 2540 897 2596 deuderuvermt
912 2542 989 2597 recle
1006 2539 1095 2596 facias
1112 2558 1140 2598 c.

122 2612 212 2668 ebam
229 2628 282 2668 om.
300 2629 324 2668 c.
397 2616 416 2666 4
434 2613 636 2683 cataplasmate
654 2629 682 2669 c:
699 2612 847 2668 ubirmate
861 2629 892 2682 p.
983 2615 1000 2666 ⁶
1021 2611 1076 2667 boc
1093 2615 1139 2668 eat

122 2699 164 2753 cp.
237 2682 297 2753 apii
314 2701 338 2738 r.
355 2681 474 2738 feniculi
496 2682 609 2738 seminia
626 2683 710 2753 Quod
726 2700 777 2739 osu
796 2684 830 2751 e).
857 2682 951 2738 melre
968 2681 1137 2743 somnium

122 2769 852 2851 Queaepemeemmteep.
905 2753 1137 2839 connecte,

121 2876 185 2930 font
201 2860 293 2932 seue
315 2878 393 2946 (aee
414 2892 487 2933 ωη.
508 2877 640 2948 asum
661 2878 698 2946 (e
719 2879 752 2932 n·
772 2894 859 2948 aare.
884 2893 955 2933 ωη.
975 2883 989 2932 1
1011 2873 1030 2932 s
1054 2876 1136 2943 tono.

121 2946 267 3017 fenugreei
284 2962 327 3016 cp.
438 2949 637 3005 ‘toffiiVIcz
659 2949 783 3004 omnium
799 2966 830 3019 p.
937 2947 1088 3004 duduc.
1107 2964 1136 3003 c:

121 3019 184 3087 cetu
197 3035 230 3088 p.
338 3016 414 3073 otb’
432 3019 447 3073 I
465 3017 484 3074 S
502 3035 529 3074 c:
547 3019 576 3077 l'.
594 3019 662 3089 lp.
763 3034 921 3089 concoquas
937 3034 966 3074 ce
985 3033 1090 3087 coques
1102 3034 1134 3086 p.

124 3093 157 3142 10
175 3093 242 3144 niro.
259 3088 309 3143 111.
327 3087 492 3159 emp.
562 3090 716 3159 urinascp.
788 3089 1134 3159 llaurutseulsicm.

123 3164 156 3212 12
184 3159 323 3229 epilbimo
348 3175 377 3215 ce
402 3158 509 3229 epit-b’e
527 3177 560 3230 p.
667 3167 701 3216 ta
723 3177 780 3216 non
801 3177 860 3216 sem
910 3159 1001 3215 solum
1022 3176 1045 3214 s.
1065 3159 1086 3215 i.
1101 3176 1133 3228 p.

121 3227 203 3283 dabis
216 3245 269 3286 ost.
282 3246 306 3285 c
380 3234 415 3284 ll
428 3230 508 3286 cuins
520 3230 677 3302 purgatorii
689 3231 762 3287 conf.
773 3247 804 3300 p.
877 3235 911 3285 lt
966 3228 1096 3285 ‘thimate
1109 3245 1134 3296 c,

121 3297 259 3367 epitb’ate
272 3317 304 3369 p.
395 3303 426 3355 et
442 3302 519 3369 quod
532 3318 563 3371 p.
655 3307 688 3359 18
704 3301 747 3358 De
770 3300 826 3357 hiis
843 3299 893 3370 qui
1001 3300 1133 3356 tritium

122 3367 293 3440 emitribeip
311 3369 367 3438 (sd
385 3370 558 3427 emitriteum
574 3390 591 3429 c
607 3377 633 3427 et
651 3372 762 3443 ὑπὲρ).
835 3377 869 3427 to
883 3370 958 3427 diem
975 3370 1090 3427 interd
1099 3388 1131 3440 p.

121 3443 157 3493 to
174 3441 326 3496 tremorem
338 3456 375 3511 p:
394 3441 485 3497 bucria
501 3458 525 3498 c.
596 3448 631 3498 22
648 3443 740 3499 rosido
757 3459 781 3500 c
