2512 3908
501 220 803 306 -29-,

103 375 140 426 ut
163 363 289 442 ligatura
312 380 328 422 a
347 362 438 423 iundo
461 362 627 445 pendiginis
649 365 783 444 incipiat,
806 371 841 425 ut
858 364 1005 425 orificium
1024 365 1118 429 libere

103 451 214 514 habeat
245 469 304 528 quo
335 454 431 531 possit
460 452 567 514 humor
597 451 767 514 decurrere.
815 454 903 513 etiam
935 463 966 514 et
998 453 1118 515 schema

101 538 220 601 iacendi
242 539 423 618 patientibus
446 541 503 601 tale
525 558 592 601 esse
614 549 744 620 oportet,
771 547 806 600 ut
828 557 948 620 semper
970 543 1118 604 orificium

101 627 272 708 pendiginis
291 630 389 689 iusum
407 636 536 688 meatum
555 627 668 708 habeat,
689 626 769 706 quod
788 627 893 688 Graeci
911 639 976 690 cata
995 650 1117 712 yporry·

103 719 151 776 sin
175 724 290 776 vocant.
326 726 398 776 tunc
421 714 475 775 alia
498 715 545 776 die
564 714 659 775 solves
683 723 714 776 et
736 714 829 775 mulsa
848 714 941 775 calida
960 717 1146 800 delavabis,⁶

101 812 135 864 et
159 807 267 865 iterum
291 802 536 864 medicamentum
559 821 649 883 supra
672 806 816 883 scriptum
835 803 988 864 diachartu
1012 808 1118 867 inicies

101 899 156 952 aut
179 899 261 952 certe
284 888 404 950 chloran
432 899 581 952 emmotou
608 891 780 970 appellatam
809 906 845 950 ex
871 895 966 952 veteri
994 893 1060 953 oleo
1084 893 1117 954 li-

103 979 224 1058 quidius
247 978 382 1039 solutam.
424 986 454 1039 et
480 987 636 1058 postquam
664 979 773 1039 videris
800 978 989 1057 pendiginem
1013 999 1029 1040 a
1053 1000 1117 1041 sor·

102 1066 192 1128 dibus
218 1074 373 1145 purgatam
399 1066 505 1143 luisse,
532 1066 682 1146 cephalica
710 1067 924 1127 medicamento
953 1067 1034 1128 melli
1066 1069 1116 1129 de·

103 1164 240 1234 spumato
269 1154 397 1215 admixto
426 1162 456 1215 et
482 1174 499 1215 e
522 1165 602 1216 moto
629 1154 695 1216 tilto
722 1156 869 1235 apposito,
897 1157 959 1216 sive
987 1155 1118 1235 collyriis
1132 1168 1159 1208 1⁰

103 1262 140 1302 ex
169 1242 274 1303 eodem
304 1241 453 1322 cephalica
481 1261 550 1304 cum
576 1242 662 1304 melle
689 1242 836 1322 pastillato
864 1241 920 1302 suh
953 1243 1026 1303 hora
1057 1244 1116 1304 ior-

102 1333 191 1391 matis
224 1337 427 1409 competenter
459 1330 650 1392 carnificabis.
709 1333 797 1391 etiam
831 1339 862 1390 et
893 1331 1024 1392 diaiteon
1056 1350 1117 1392 em·

100 1418 248 1499 plastrum
276 1419 515 1500 superimpones,
537 1418 630 1480 ‘latius
652 1417 806 1480 inductum
830 1428 864 1479 ut
891 1421 980 1479 etiam
1004 1421 1117 1480 vicinas

101 1514 204 1586 partes
227 1506 305 1586 colpi
322 1508 417 1586 ipsius
435 1509 597 1588 cooperiat,
620 1509 660 1568 ita
683 1514 717 1568 ut
739 1506 775 1567 ad
794 1525 828 1566 os
846 1507 978 1568 vulneris
1001 1505 1116 1588 iorpice

102 1593 297 1674 emplastrum
324 1595 438 1674 aperias
461 1602 493 1655 et
519 1596 562 1656 sic
584 1596 816 1675 superimponas.
859 1598 946 1655 etiam
971 1604 1002 1656 et
1025 1614 1117 1675 super
1131 1607 1157 1648 1⁵

102 1682 296 1763 emplastrum
323 1681 489 1761 plenarium
516 1701 553 1743 ex
585 1682 714 1744 linteolis
741 1681 898 1761 duplicatis
925 1701 1058 1762 appones
1086 1692 1117 1744 et

101 1769 215 1850 ligabis.
261 1779 292 1830 et
323 1788 390 1831 cum
423 1771 555 1850 coeperit
588 1771 718 1851 pendigo
754 1773 866 1831 saniem
898 1770 1053 1832 candidam
1085 1781 1117 1832 et

102 1877 233 1919 crassam
256 1859 393 1919 emittere
416 1865 447 1919 et
469 1857 631 1935 secundum
656 1860 849 1937 quantitatem
868 1860 968 1918 minus
986 1876 1004 1918 a
1027 1858 1115 1919 solito
1145 1891 1147 1894 ·

101 1946 276 2027 excludere,
298 1943 421 2007 collesin
442 1946 574 2007 futuram
595 1947 741 2025 significat
763 1945 792 2006 id
811 1955 859 2006 est
878 1946 1115 2024 glutinationem.
1154 1942 1155 1949 '

101 2045 175 2095 tunc
198 2054 232 2094 ca
256 2051 331 2113 quae
353 2033 496 2095 iniciehas
513 2033 653 2114 paulatim
675 2033 849 2095 deducendo
869 2032 905 2093 ad
924 2051 958 2093 os
981 2032 1115 2094 vulneris
1129 2047 1156 2088 ao

173 2203 266 2258 aiulo
280 2220 316 2273 p:
333 2201 458 2329 telissspc.
547 2219 656 2274 semper
671 2219 732 2273 epo:
751 2219 834 2272 super
850 2219 896 2272 pp,
916 2201 960 2257 sui
978 2220 1000 2258 c.
1047 2271 1054 2284 .
1097 2209 1115 2257 4

100 2275 194 2330 iosum
207 2275 393 2344 caedrum
434 2273 527 2329 ’.iusia
538 2274 763 2345 ffuminum
776 2289 799 2329 c.
862 2273 1076 2342 eaieyporrusm
1088 2290 1114 2342 9,

100 2348 301 2450 ecclypomein
334 2395 361 2447 c,
394 2379 496 2450 ostoph
552 2378 620 2434 riein
641 2395 665 2450 p
696 2376 749 2447 (εἰς
775 2372 931 2447 ὖπὸρρνσιν
959 2377 1022 2432 Gal.
1055 2377 1116 2444 XI,

101 2455 180 2519 128).
253 2448 427 2505 adommin
439 2467 466 2520 q,
484 2450 519 2506 dc
549 2450 664 2518 nobiae,
682 2448 790 2503 lavabis
800 2465 832 2518 p.
904 2448 1069 2503 ddiacertii
1078 2465 1115 2517 p:

99 2521 289 2576 diametrum
316 2520 387 2588 (hic)
415 2536 448 2591 9,
477 2520 634 2576 dieculam]
658 2536 681 2577 c.
802 2527 818 2574 t
844 2519 985 2575 clorenem
1013 2521 1114 2573 motos.

99 2591 313 2717 timii
328 2607 359 2716 i
375 2606 400 2647 ⁰·
417 2589 596 2716 9έῖ3ηὲἴᾶ
614 2591 707 2728 ³²⁰2?
729 2589 1078 2716 ppapplpnpgpga
1091 2605 1116 2729 ζ’

100 2731 232 2787 8solnte
249 2747 308 2802 pop.
357 2678 397 2731 pp
415 2736 432 2786 9
450 2677 667 2802 caephnucolet
689 2736 721 2785 11
742 2731 833 2804 ceph.)
851 2748 877 2800 9.
924 2701 934 2726 '
986 2677 1144 2800 mellquz'

100 2803 186 2858 melle
200 2819 241 2871 cp.
315 2806 348 2856 1o
361 2803 496 2857 etemmo
509 2799 606 2857 totilto
617 2818 643 2872 9,
657 2819 672 2862 a
687 2800 843 2856 inmotilto
856 2817 880 2870 c,
899 2800 1073 2856 emotoiilto
1083 2818 1114 2871 p.

100 2872 219 2928 collin'ie
239 2870 322 2926 fectis
344 2887 378 2926 ex
400 2876 448 2926 etc.
465 2889 530 2942 pop,
552 2873 603 2928 udi
618 2872 704 2927 delevi
720 2871 810 2928 fectis.
855 2872 892 2938 cf.
917 2871 998 2939 infru
1020 2887 1042 2926 c.
1066 2876 1115 2928 20.

99 2943 246 2998 diaitheon
269 2937 329 3010 (ast
353 2939 447 3011 ἰτεῶν)
464 2958 496 3012 p,
519 2942 683 2997 diuhitheon
741 2983 746 2996 .
862 2947 895 2996 te
914 2940 1036 3011 imponis
1053 2957 1114 3012 pop.

102 3020 137 3069 14
160 3013 224 3068 coifi
246 3029 306 3083 pop.
352 3028 414 3068 cum
434 3027 503 3084 seqq.
527 3014 561 3079 cfi
584 3013 682 3068 Actius
738 3011 802 3080 IV,
830 3016 875 3067 53.
956 3012 1063 3082 forpioe
1083 3026 1114 3082 ps

100 3084 197 3140 forfice
224 3086 330 3153 (-oem
350 3094 384 3152 p)
411 3099 453 3154 cp.
578 3089 611 3139 tt
633 3086 698 3155 poet
719 3082 881 3164 plenarium
906 3082 939 3138 de
964 3083 1116 3136 callomote

99 3154 219 3210 mando
236 3155 302 3210 loeo
314 3153 428 3222 praebet
444 3154 518 3210 soloe
531 3170 560 3210 c:
578 3152 675 3209 locitas
688 3152 803 3208 manime
817 3152 904 3207 fuerit
917 3154 1014 3207 secute
1027 3151 1114 3207 etiem

102 3230 157 3312 (etl
177 3258 212 3296 ex
233 3239 359 3297 artemo}
381 3239 527 3296 ociositate
549 3241 668 3311 mt'gere
691 3242 785 3296 careat
808 3239 854 3311 [ex
877 3239 1011 3310 pulteolis
1034 3238 1113 3310 dupl.

100 3319 149 3369 etc.
168 3329 239 3382 quoe
255 3311 334 3378 irasro
351 3328 373 3367 c.
392 3316 432 3368 20
449 3312 537 3368 locum
554 3312 659 3367 habmt.
748 3316 781 3366 16
799 3310 918 3381 apponis
935 3327 995 3380 pop.
1079 3313 1112 3364 18

100 3400 228 3453 musam
245 3399 264 3452 9
282 3386 330 3447 (cr,
343 3385 384 3464 p).
473 3399 492 3437 e
509 3384 538 3451 (d
555 3385 583 3453 9)
602 3381 684 3437 solito
702 3397 762 3451 pop.
857 3385 891 3434 19
910 3380 1004 3435 colles.
1023 3379 1053 3434 in
1071 3380 1114 3434 fu·

100 3459 193 3508 turam
211 3470 230 3523 9
248 3452 373 3520 (collesin
391 3452 412 3508 f.
425 3455 467 3521 p).
