2512 3908
500 247 743 314 —213-

132 387 211 469 quod
242 384 403 511 aEpcllatur
436 405 454 443 a
483 386 596 470 Graecis

131 459 327 585 {ffrffffleetff
352 459 402 527 (sec
426 459 470 529 cp)
496 459 595 514 desen·

666 385 835 443 thomnoicis
848 387 874 456 c)
888 385 918 441 id
932 386 1012 441 estis
1026 387 1076 456 qui
1090 428 1097 441 .
1109 433 1131 446 ..

666 461 744 513 recto
762 461 885 513 scemate
903 457 1029 514 iacentes
1051 475 1132 528 prae-

666 527 797 583 focantur
817 533 862 583 43.
1036 544 1038 549 ·

107 588 262 666 detonsos:
286 599 388 655 asellos
408 615 478 668 quos
492 597 596 660 ,Graeci
648 587 740 670 ὂρόςτ
754 613 818 652 oros
832 597 908 652 enim
922 615 971 653 san
1011 600 1066 656 inis
1082 601 1132 670 qui

131 667 241 726 oniscos
265 670 365 725 dicunt
387 673 421 724 28
447 672 594 739 (noscero
664 669 754 724 latine
782 683 874 723 serum
902 670 1064 738 appelatur
1081 679 1132 729 *46

128 740 317 810 porcellioncs
369 757 503 796 vocamus
552 740 594 794 ait

131 811 230 867 Simon
246 829 268 867 s.
288 811 423 878 oniscirte,
442 812 477 877 cf.
496 826 517 866 s.
532 826 594 880 por·

666 741 751 809 (aqua
778 740 821 795 sel
852 737 946 807 liquor
978 739 1058 795 lacta
1085 759 1131 813 cp.

668 809 719 867 la.
739 810 829 866 Prisc.
849 815 875 865 ct
894 807 987 879 carc).

129 881 266 938 celliones
313 882 363 936 abi
405 897 460 950 pro
501 878 594 936 ousae
647 872 688 935 οὐ
753 876 824 945 ικός
845 875 947 947 no'pcc:
974 882 1050 938 circa
1075 884 1131 938 uri-

128 969 227 1008 crrorcs
252 953 320 1007 citat
336 950 539 1016 Dioscoadcn,
561 968 594 1007 co

128 1023 182 1076 Th.
194 1023 285 1077 Prisc.
299 1025 374 1087 2,14
387 1021 409 1088 s.
420 1020 470 1076 45¹³
485 1021 593 1079 oniscos

150 1091 592 1174 uospcrcellionesappellamus).

714 966 743 1006 es
760 949 822 1006 vias
842 966 913 1019 quas
931 949 1032 1007 Graeci
1050 954 1132 1010 uriti-

664 1025 713 1077 cus
751 1036 816 1076 orus
833 1023 1130 1094 vocant51(cf.46).

664 1092 700 1159 cf.
785 1091 867 1148 .cor.
887 1098 913 1160 5,
932 1097 967 1149 38
986 1098 1034 1149 ete.

111 1155 260 1232 ὀάλμητ
288 1181 317 1217 sn
344 1165 426 1218 aceto
453 1163 527 1219 salso
552 1163 594 1217 in·
647 1157 825 1219 xacdcxdrt
850 1162 969 1232 collyrio
988 1165 1131 1221 tracoma-

181 1232 230 1289 des
253 1234 330 1303 quod
347 1232 447 1288 Gracci
470 1233 593 1288 oxalmin

131 1303 272 1373 (oxasrnin
289 1320 332 1374 pc,
350 1303 480 1359 oxomion
493 1306 527 1374 12)
544 1319 592 1358 vo·

128 1379 197 1431 cant
222 1380 266 1432 33.
284 1438 286 1442 ,
310 1391 375 1430 cum
402 1377 482 1430 aceto
509 1373 592 1430 salito

126 1445 272 1514 infundes,
296 1445 372 1513 quod
395 1444 495 1501 Graeci
516 1445 592 1500 oxal-

124 1532 192 1571 rncn
224 1516 344 1583 (oxalme
367 1531 403 1585 p,
431 1516 540 1572 oxamel
566 1518 591 1586 c)
617 1577 619 1582 ,

127 1587 233 1641 vocant
250 1591 294 1640 33.

109 1648 267 1725 (ὀξύτης)τ
287 1658 318 1713 ct
335 1658 400 1710 sunt
416 1655 592 1712 ictericorum

130 1727 284 1782 distantiae
321 1727 406 1795 duae,
442 1745 498 1782 una
528 1744 597 1782 cum·

128 1797 281 1866 febricula,
317 1800 347 1852 et
384 1797 544 1868 appellatur
574 1814 593 1853 a

128 1867 244 1924 Graecis
258 1866 347 1924 oxites
357 1867 450 1938 (oxiai
463 1861 591 1937 ὁξῦτηςῖ)

127 1938 159 1992 id
172 1941 217 1993 est
228 1941 321 2008 scuta,
337 1939 428 1994 altera
441 1938 501 1994 sinc
513 1938 591 1995 febro

127 2007 262 2064 diuturna
275 2026 349 2078 quae
361 2010 522 2080 appellatur
532 2026 591 2066 cro·

125 2079 200 2135 nites
220 2078 344 2149 (oronial
369 2077 526 2150 χρονιότης)
545 2087 588 2136 49.

125 2151 161 2216 cs.
177 2168 199 2205 c.
215 2156 250 2206 30
268 2150 299 2206 in
312 2150 487 2222 aegritudine
506 2152 590 2207 scuta

124 2220 155 2276 id
175 2224 219 2276 est
237 2220 331 2278 celeri.

103 2283 339 2362 ὀξυδερκικόςι
358 2309 425 2347 xero
442 2292 497 2347 coll
531 2292 588 2347 ium

122 2378 227 2417 acuens
256 2361 360 2430 visum,
388 2362 463 2432 quod
514 2363 589 2420 raeci

124 2432 303 2490 oxidercicon
326 2436 428 2488 vocant
451 2438 485 2488 33
508 2438 534 2489 ct
550 2434 587 2490 ch.

122 2520 188 2560 ἠοω
205 2505 363 2561 fomentum
380 2503 468 2559 oculis
487 2520 587 2561 acuens

104 2574 216 2631 ·visum
241 2574 317 2645 quod
336 2574 435 2630 Graeci
453 2573 587 2632 oxiderci·

123 2662 179 2701 eon
209 2647 314 2701 vocant
340 2646 399 2712 (ubi
427 2645 587 2702 oxidorcion

89 2774 93 2781 ,
120 2717 165 2772 oie
181 2734 209 2844 ᾗ
229 2715 401 2772 oxidortium
419 2715 507 2786 siml.

102 2779 187 2857 ὀξυρ
209 2788 325 2844 occos:
363 2787 517 2857 oxyrodino
548 2787 585 2845 id

119 2862 165 2914 est
183 2859 265 2915 aceto
284 2860 313 2913 et
330 2873 447 2914 rosaceo
470 2858 532 2914 oleo
550 2875 585 2916 ex

118 2929 192 2986 lanis
221 2928 325 2984 sucidis
350 2929 523 2986 embrocabis
549 2935 584 2986 33

117 3001 165 3069 (os.
181 3002 218 3070 1).
243 3001 372 3057 embroce
383 3001 469 3056 uteris
484 3042 490 3055 .
506 3042 513 3056 .
528 3045 535 3057 .
549 3017 583 3056 ex

115 3073 199 3126 aceto
221 3076 251 3126 et
275 3087 403 3138 rosaceo.
427 3071 503 3141 quod
526 3073 584 3129 oxi·

115 3141 236 3197 rodinon
253 3144 357 3198 vocant
374 3148 416 3198 61.
438 3149 480 3198 71.

97 3203 311 3282 ὀρθόπνοιαε
336 3215 366 3268 et
390 3213 521 3284 ortopnis
544 3217 579 3286 (p,

116 3283 265 3340 —toniao
301 3284 424 3339 -tomia
440 3288 473 3354 p)
496 3284 580 3341 aliter

115 3353 233 3420 dicitur,
252 3326 278 3410 si
295 3353 410 3424 quidem
428 3356 506 3410 recto
520 3371 579 3412 sce·

115 3428 192 3480 mate
224 3425 348 3480 iacentes
384 3425 579 3495 praefocantur

114 3496 226 3566 aegroti
251 3503 294 3552 41.
330 3496 500 3566 ortopnoicis
525 3499 578 3566 (or-

665 1233 722 1288 tico
750 1233 851 1300 uteris,
878 1234 955 1301 quod
983 1236 1131 1305 appellant

663 1302 784 1373 pedioon
800 1302 831 1358 id
851 1303 894 1358 est
911 1304 1020 1373 puerile
1040 1312 1084 1365 33.

647 1372 864 1515 παλραὲἷληξὶα
878 1379 912 1430 ob
927 1406 962 1416 -
976 1377 1033 1434 vid.
1046 1369 1130 1434 ἄπο-

663 1463 688 1500 a
764 1463 796 1500 α.

646 1462 866 1587 captumst
908 1516 1127 1587 epithima...

663 1585 831 1642 conveniens
846 1585 1010 1657 hydropicis
1023 1590 1060 1645 ad
1074 1590 1128 1646 dif-

662 1656 787 1714 fusiones
808 1657 936 1714 humoris
963 1677 1014 1730 per
1034 1663 1128 1717 totum

662 1744 777 1856 ther
797 1729 1128 1872 33333313

664 1868 736 1926 caaz.
755 1839 856 1938 caess,
875 1870 922 1940 ss)
941 1869 1041 1927 dicunt
1059 1845 1102 1930 io.

645 1938 802 2012 κὰρεσιςι
840 1939 884 1996 sin
920 1958 988 1999 vero
1019 1944 1128 2015 paresis

661 2011 852 2138 §gaggsisarffl
876 2011 963 2136 fuelug
988 2016 1128 2072 stomachi

659 2101 671 2138 1
726 2101 739 2138 s
851 2100 908 2152 ysrs
963 2123 970 2138 .

643 2101 851 2222 παρωτῶεςτ
870 2156 1027 2208 nascuntur
1044 2173 1126 2226 paro-

658 2223 733 2278 tides
760 2222 842 2291 (-de
866 2225 891 2293 c)
917 2223 992 2280 circa
1015 2226 1126 2283 aurium

659 2295 766 2364 partes,
790 2292 867 2349 ande
889 2294 1002 2358 nomine
1021 2315 1125 2368 graeco

660 2362 701 2420 sic
717 2366 856 2420 vocantur
875 2370 918 2420 1⁶1.

642 2433 800 2519 πᾳτητοὶτ
824 2436 1038 2519 auttrigonum
1056 2442 1124 2524 (tro-

658 2508 789 2645 atiel,
816 2506 950 2659 1331
990 2511 1125 2649 ethei

658 2648 745 2715 codd.)
767 2663 786 2702 a
803 2644 924 2706 Graecis
942 2651 1125 2721 appellantur

657 2724 701 2774 33.
733 2715 1049 2789 cfiQl.oc.2,108
1073 2741 1123 2794 ap-

656 2790 793 2860 ponentes
815 2788 957 2858 palmulas
980 2809 1051 2861 quas
1071 2809 1122 2864 pa-

654 2861 730 2916 tetos
754 2860 860 2916 vocant
884 2861 1029 2918 contritas.
1065 2865 1121 2922 chr.

655 2937 681 2998 l,
700 2935 753 2986 313
771 2928 904 3000 palmulis
918 2949 988 3000 quas
1006 2935 1121 3014 patetos

655 3001 815 3072 appellant,
859 3016 913 3055 uas
937 3018 1120 3061 concisae...

655 3069 762 3128 mederi
789 3070 853 3126 vale
872 3074 933 3128 ant.
971 3072 1051 3130 Plio.
1077 3081 1121 3142 13,

651 3149 686 3198 43
722 3141 839 3198 tortium
857 3182 866 3199 .
883 3184 890 3198 .
905 3182 914 3197 .
932 3160 1022 3214 genus
1059 3147 1120 3217 (po-

650 3230 760 3269 morum
783 3212 908 3283 palmae)
932 3215 1050 3285 patetoc
1064 3257 1072 3273 .
1088 3257 1117 3271 ..

650 3284 766 3340 calcatis
803 3282 919 3339 similes.
964 3284 1062 3342 Simon
1096 3303 1118 3342 a

686 3354 755 3410 titos
776 3353 897 3410 daciilos
917 3358 1021 3412 uocant
1034 3355 1119 3413 Greci

669 3425 779 3481 umidos
798 3425 828 3495 p'
889 3442 976 3497 esque
990 3433 1037 3484 ctc.
1057 3430 1116 3498 (cit.

649 3497 723 3564 (iot,
740 3495 831 3564 Alce..
881 3499 1009 3568 emosth).
