2506 3908
521 241 714 305 ..3-

117 405 205 467 supra
229 386 336 446 dietam
359 384 560 446 membranam
582 384 628 446 vei
651 384 810 446 cerebrum
833 403 945 464 aquoso
970 395 999 447 et
1023 388 1132 466 frigido

117 476 252 554 flegmate
275 474 426 536 infuderit.
463 492 530 535 nam
549 473 788 554 Hippocrates
812 477 936 536 senior
959 474 1131 554 dogmatum

117 566 255 643 princeps
278 565 308 624 in
331 564 478 624 aforismis
501 566 544 624 sic
568 566 621 625 ait:
652 563 754 623 Austri
777 581 882 641 graves
905 565 1033 646 auditui,
1063 563 1131 624 eali·

115 654 224 734 pinosi,
246 655 335 732 capiti
358 651 521 730 gravabiles
544 660 574 712 et
593 650 737 711 dissoluti.

203 742 365 803 curationis
384 747 483 800 autern
502 748 635 817 tempore
651 747 769 819 oportet
783 749 936 818 aegrotum
952 759 988 800 ex
1007 741 1157 803 brachios

115 828 319 910 flebotomare,
346 830 371 888 si
404 835 502 889 tamen
531 836 625 888 aetate
654 829 768 888 iuvenis
801 830 891 889 suerit
914 837 944 889 et
963 830 1129 891 secuudum

116 927 249 979 naturam
277 934 385 996 corpus
413 917 578 978 ostenderit
604 919 666 977 sive
696 916 885 976 multitudine
909 919 974 977 suci
997 916 1128 996 plenum,

116 1005 193 1085 quod
217 1005 321 1067 Graeci
344 1005 541 1084 plethorieum
564 1015 676 1067 vocant.
714 1007 789 1065 etsi
812 1014 917 1065 venter
940 1005 1128 1086 abstinuerit,

115 1095 239 1174 clystere
272 1091 463 1154 deducendus
494 1096 552 1154 erit
581 1112 618 1154 ex
649 1093 823 1153 decoctione
853 1092 1064 1171 coloquintidis
1097 1104 1129 1154 et

115 1186 197 1244 tenui
220 1184 371 1244 centauria
389 1180 488 1242 addito
507 1182 623 1243 modico
643 1181 728 1242 melle
752 1191 783 1243 et
801 1182 866 1242 oleo
890 1184 1019 1242 anetino.
1055 1181 1128 1241 dan-
1143 1199 1170 1238 m

115 1271 184 1332 dum
215 1274 305 1333 etiam
336 1272 444 1331 ieiunis
476 1271 572 1332 tribus
604 1270 709 1331 diebus
742 1273 821 1331 inter
854 1271 933 1331 diem
961 1270 1128 1330 antidotum

115 1359 237 1421 Galeni
269 1357 346 1438 quod
379 1361 462 1439 picra
492 1359 664 1439 appellatur.
721 1368 751 1419 et
783 1361 809 1419 si
841 1359 987 1419 adiutoria
1015 1358 1128 1441 localia,

114 1466 188 1528 quae
211 1449 308 1528 topica
330 1446 491 1529 appellant,
520 1451 688 1527 oportuerit
710 1447 864 1528 adhibere,
888 1456 1043 1526 turgentes
1066 1465 1127 1507 ma-

113 1539 202 1599 terias
239 1553 379 1597 venarum
414 1535 509 1596 media
541 1538 572 1596 in
609 1537 706 1597 fronte
740 1536 867 1616 incides,
904 1545 955 1596 aut
983 1545 1065 1597 certe
1101 1538 1127 1596 si

113 1627 232 1686 minime
264 1627 467 1703 apparuerint,
500 1627 687 1703 sanguisugis
719 1633 810 1684 totam
846 1626 964 1703 operies
997 1625 1127 1685 frontem
1141 1641 1168 1682 aa

113 1722 162 1775 aut
176 1711 360 1775 cucurbitam
374 1714 512 1793 occipitio
528 1712 743 1792 conglutinabis
758 1713 856 1772 addita
877 1706 881 1795 i
902 1713 1017 1774 seilicet
1035 1716 1125 1774 scari·
1136 1741 1160 1781 p.
1175 1729 1215 1771 tea

112 1802 229 1864 satione.
275 1808 306 1862 et
332 1803 358 1861 si
386 1801 463 1862 torte
490 1820 527 1861 ex
553 1802 640 1881 piena
667 1800 840 1863 habitudine
869 1805 960 1862 totius
990 1804 1126 1885 eorporis

112 1899 200 1970 caput
222 1889 339 1969 impleri
361 1893 505 1972 senseris,
534 1890 612 1968 quod
637 1891 756 1969 quidem
780 1910 816 1951 ex
840 1891 991 1968 frequenti
1015 1893 1125 1952 tinnitu

112 1980 228 2040 aurium
250 1985 302 2039 aut
323 1980 468 2057 vertigine
487 1988 538 2039 aut
556 1988 624 2040 ante
644 1978 746 2039 oeulos
766 1978 900 2040 subiecta
920 1979 1125 2040 tenebratione

111 2069 203 2147 magis
221 2067 400 2147 agnoscitur,
423 2065 547 2127 Galeni
566 2067 727 2129 cathartico
747 2068 794 2127 dia
816 2077 861 2128 tes
881 2068 960 2126 aloes
979 2066 1167 2147 appellatore

110 2154 251 2217 humores
282 2172 337 2234 per
368 2162 500 2216 ventrem
534 2155 682 2237 erogabis‚
720 2159 744 2216 si
778 2166 876 2216 tamen
910 2156 1012 2216 senilis
1044 2164 1126 2216 aetas

183 2366 197 2415 1
218 2359 295 2416 dicta
312 2359 439 2414 membro
455 2377 497 2432 pe,
515 2361 592 2417 dieta
609 2361 774 2416 membrana
788 2379 819 2431 p.
905 2378 1011 2430 aquoso
1031 2365 1061 2417 et
1077 2363 1125 2417 fri·

109 2430 176 2502 gido
194 2430 326 2502 flegmate
341 2446 390 2499 pc:
413 2447 548 2500 aquosum
568 2434 597 2487 et
619 2432 752 2503 frigidum
778 2433 892 2501 (flegma
915 2435 987 2487 inter
1006 2434 1054 2488 lin.
1073 2436 1124 2502 9⁰).

110 2504 291 2574 sypoerata
307 2518 368 2572 cpe.
441 2508 458 2556 3
476 2503 616 2558 aforismis
633 2521 664 2572 p,
685 2504 826 2559 ¹a'tforismis
842 2521 863 2572 p
879 2504 983 2573 (Hepp.
1002 2503 1051 2570 ΙΙΙ,
1072 2510 1124 2559 720

108 2571 208 2643 Epa).
314 2571 431 2628 austrini
447 2591 475 2642 p.
567 2575 677 2629 auditui
696 2591 722 2628 e:
742 2574 844 2628 iuditui
864 2577 924 2642 (sie)
942 2592 973 2643 p,
993 2574 1124 2645 auditu<i

107 2643 173 2700 odd.
191 2659 261 2699 corr.
279 2643 352 2716 ree>
367 2660 396 2711 p.
482 2645 618 2714 tcapitis
636 2647 700 2711 (siet
719 2662 778 2713 ppo.
858 2653 991 2715 oegrum
1010 2661 1033 2699 c.
1107 2653 1123 2699 t}

107 2713 288 2770 fleuommere
309 2731 340 2784 9,
362 2713 556 2770 flebothomari
579 2718 645 2785 (-e
664 2723 699 2784 pc
723 2723 748 2769 et
770 2721 796 2781 e)
814 2733 843 2783 p.
931 2716 955 2769 si
970 2759 976 2770 .
993 2758 999 2769 .
1016 2759 1022 2770 .
1038 2715 1125 2771 tuerit

107 2801 158 2855 pp:
176 2784 202 2840 si
218 2800 275 2839 non
293 2785 369 2840 etate
386 2784 539 2841 iuventutis
557 2789 598 2853 (et
617 2803 670 2841 sec.
691 2791 746 2841 nat.
767 2792 825 2853 ete.)
844 2803 866 2839 e.
940 2793 955 2840 7
975 2786 1076 2854 plenos
1093 2804 1123 2856 p.

107 2860 124 2910 8
141 2855 240 2926 pleton
256 2871 315 2926 ppc.
351 2856 385 2923 cs.
406 2855 468 2910 Gai.
487 2863 539 2924 12,
557 2863 620 2912 505.
711 2860 741 2911 et
759 2858 782 2910 si
802 2860 899 2911 venter
917 2874 950 2924 p:
976 2857 1063 2911 tuerit
1080 2857 1122 2911 in-

107 2929 208 2983 ventus
226 2926 320 2994 (abst.)
334 2944 364 2995 p.
474 2933 490 2981 9
510 2946 543 2982 ex
559 2946 607 2996 pe:
630 2931 660 2982 et
677 2946 703 2997 p.
794 2928 936 2996 coloqui(a
959 2933 1023 2982 crate
1042 2933 1122 2994 corr.)

39 3048 42 3055 .
106 2997 185 3072 ntidp
203 3015 221 3068 p
239 2997 312 3066 (-d’
326 3002 382 3066 pc).
457 3004 488 3052 11
507 2999 609 3053 ieiunis
628 3002 659 3053 in
676 3016 763 3067 aetery.
781 3000 871 3068 sarppi.
890 3007 928 3066 pc.
1009 3006 1042 3052 12
1061 2999 1122 3069 gal-

107 3067 174 3124 lieni
195 3085 228 3138 p,
251 3067 356 3138 galieni
375 3084 413 3136 pe
438 3071 511 3137 (iteca
533 3071 631 3138 infra).
721 3072 802 3138 pigra
824 3086 883 3139 ppe.
975 3071 1012 3124 si:
1036 3069 1075 3124 sic
1099 3087 1121 3126 c.

109 3144 141 3194 13
160 3155 232 3223 qnae
250 3141 292 3209 (fl)
310 3154 337 3193 c:
363 3139 437 3207 quod
456 3139 506 3208 (qd
524 3146 549 3194 ct
567 3144 606 3210 qa)
625 3158 669 3209 pp.
754 3143 898 3211 surgentes
922 3146 986 3194 (arete
1005 3157 1075 3195 corr.
1090 3157 1121 3210 p.

35 3241 41 3255 ι
108 3216 142 3264 14
167 3229 198 3265 tn
224 3226 269 3280 ρει
297 3225 347 3264 om.
371 3227 401 3279 p.
493 3217 526 3264 15
554 3212 716 3281 apparuerit
742 3229 782 3279 pe.
875 3212 1067 3280 sanguissugia
1091 3230 1121 3281 p.

106 3281 214 3350 operies
237 3298 272 3350 p:
300 3280 390 3350 operis
412 3298 452 3351 pe.
523 3289 578 3355 ,to
607 3282 828 3354 s<eari>iatione
857 3283 924 3348 (cari
948 3285 978 3336 in
1003 3286 1070 3349 raa.)
1095 3301 1121 3351 ρ,

25 3389 28 3395 ·
106 3351 306 3407 eeadfidotione
327 3368 368 3421 cp.
455 3359 487 3406 17
508 3356 537 3407 et
554 3370 604 3407 ona
619 3372 649 3422 p.
726 3361 757 3407 18
778 3355 896 3408 senserit
911 3371 940 3421 p.
1021 3358 1056 3406 10
1075 3368 1121 3406 eo·

105 3422 250 3492 gnoscitnr
265 3440 292 3491 p.
374 3423 432 3492 gali
447 3442 470 3493 p
489 3425 565 3493 (gali
580 3432 634 3493 12⁰).
721 3425 856 3479 catartico
876 3427 926 3492 (εἰσ
944 3427 1057 3492 seraper)
1075 3440 1120 3492 pp.

35 3520 37 3529 ·
107 3498 139 3548 11
159 3493 183 3548 si
202 3524 236 3535 -
255 3493 415 3563 impedierit
427 3502 477 3563 pet
496 3511 546 3548 om.
561 3514 586 3563 p.

924 3586 957 3638 p*
