2512 3908
455 249 740 335 ³131·-

105 399 182 474 lant,
211 393 290 472 quod
318 393 460 474 aliquanti
488 394 660 455 inferiorem
688 393 887 455 ventriculum
920 394 1033 456 dicunt.
1080 415 1126 457 se·

106 487 211 563 quitur
247 490 347 543 autem
382 492 519 563 aegrotos
558 482 643 543 dolor
674 485 755 543 iuxta
793 483 967 544 umbilicum
1004 485 1126 546 initians

106 574 282 650 frequenter
309 591 325 632 a
353 574 473 632 sinistro
501 570 565 652 ilio,
592 569 749 649 aliquando
773 588 789 629 a
817 571 937 653 dextro,
960 592 1030 634 cum
1054 593 1125 635 con-

105 661 263 721 strictione
295 662 407 720 ventris
440 667 470 720 et
501 659 613 719 doloris
647 660 810 738 punctione
848 659 1037 722 discurrente
1070 682 1125 743 per
1191 710 1192 713 η

105 748 223 828 singula
251 750 363 810 ventris
392 746 470 828 loca,
500 746 658 825 aliquando
691 765 787 826 usque
814 748 851 808 ad
882 747 994 827 splenis
1022 759 1152 828 parteso

105 837 153 898 vel
180 839 285 917 epatis.
331 836 461 896 efficitur
490 843 615 914 cogente
644 835 807 897 interclusa
837 838 1015 897 ventositate
1045 840 1125 899 inter

105 934 207 987 cutem
235 934 264 985 et
291 927 484 1004 peritonaeon
511 921 562 1004 <id
590 921 657 1005 est>
686 923 888 984 membranam
917 943 1008 1003 quam
1036 927 1124 1008 vulgo

104 1032 242 1094 mappam
266 1013 381 1095 dicunt,
404 1031 480 1094 quae
503 1021 637 1074 ventrem
660 1011 717 1073 sub
741 1019 809 1073 cute
834 1014 1048 1076 circumvestit.
1095 1025 1126 1078 et

104 1121 176 1163 cum
193 1104 293 1182 passio
307 1111 465 1182 augmento
479 1101 596 1162 dierum
610 1103 748 1181 creverit,
767 1103 904 1180 sequitur
919 1104 1124 1186 insomnietas,

104 1190 250 1251 febricula
277 1198 308 1252 et
335 1193 437 1251 nausia
465 1208 535 1251 cum
560 1190 711 1270 frequenti
742 1192 855 1251 vomitu
888 1190 1023 1252 humoris
1052 1193 1123 1273 fleg·
1138 1211 1165 1250 ro

102 1281 219 1362 matici‚
246 1277 402 1358 aliquando
430 1277 523 1340 felliti.
571 1280 618 1339 sin
645 1296 715 1339 vero
743 1279 894 1340 modicum
926 1287 1009 1340 retro
1043 1283 1124 1342 circa

103 1386 194 1428 renes
216 1376 269 1429 aut
290 1369 369 1428 circa
392 1366 523 1428 urinales
546 1369 621 1447 vias,
644 1384 718 1447 quas
741 1367 847 1429 Graeci
871 1370 1006 1429 uretious
1028 1387 1123 1448 porus

103 1464 221 1538 vocant,
239 1455 338 1517 subito
357 1463 445 1516 natus
463 1455 554 1516 fuerit
572 1455 658 1516 dolor
676 1455 813 1517 similiter
832 1467 866 1518 ut
882 1457 984 1517 colicis
1003 1465 1124 1537 praeter

103 1546 249 1605 vomitum
271 1551 303 1604 et
324 1545 568 1604 constrictionem
589 1546 703 1604 ventris
722 1554 753 1605 et
770 1544 959 1627 febriculam,
983 1548 1122 1607 vastioris

102 1633 210 1713 lapidis
233 1633 477 1693 constrictionem
499 1634 531 1692 in
553 1631 677 1694 renibus
700 1633 854 1712 signifieat.
1137 1649 1163 1691 ιε

193 1721 267 1781 ileos
284 1728 385 1782 autem
403 1722 465 1782 sive
484 1720 667 1801 chordapsus
686 1730 733 1783 est
750 1724 922 1784 acutissima
944 1730 975 1782 et
998 1723 1122 1783 molesta

103 1828 173 1871 cum
192 1808 371 1871 abstinentia
389 1811 502 1871 ventris
520 1818 551 1871 et
568 1811 680 1873 vomitu
699 1818 730 1871 et
752 1813 885 1872 omnium
909 1812 1122 1872 intestinorum

102 1908 222 1959 tumore
245 1898 386 1959 distentio
410 1916 478 1959 cnm
502 1900 632 1959 tortione
655 1897 744 1960 simili
766 1909 900 1961 torturae
931 1898 1120 1961 chordarum.

103 1986 184 2047 nude
203 2004 312 2047 nomen
334 1985 408 2047 ileos
426 1988 488 2048 sive
507 1985 691 2067 chordapsus
713 1989 838 2068 accepit.
874 1995 905 2047 et
928 2006 997 2048 cum
1021 1990 1120 2068 passio

102 2078 273 2135 increscere
295 2077 441 2157 coeperit,
463 2093 516 2154 spe
535 2076 669 2137 sanitatis
688 2085 864 2156 consumpta
887 2077 980 2136 nimio
1004 2078 1119 2137 intesti-
1134 2093 1161 2134 eo

102 2181 212 2224 norum
235 2171 365 2246 tumore,
389 2171 557 2224 stercorum
579 2166 706 2225 vomitus
730 2163 873 2245 efficitur,
903 2164 1006 2225 ultimo
1031 2167 1121 2226 etiam

176 2341 190 2388 1
210 2333 349 2403 aliquanti
367 2350 395 2389 c:
414 2333 566 2404 aliquando
579 2298 623 2405 ps
683 2352 709 2391 v.
727 2335 846 2391 inicians
864 2334 963 2390 dieunt
982 2351 997 2390 c
1013 2335 1061 2403 (cf.
1081 2337 1120 2392 od

100 2411 187 2474 (1.2).
276 2407 408 2460 iontem
425 2421 477 2461 om.
490 2423 522 2476 p.
607 2404 676 2461 inici
692 2411 719 2461 et
736 2411 812 2476 (pont
828 2406 1046 2478 dittopropbiom
1063 2423 1120 2462 oer-

101 2494 198 2550 borum
215 2495 348 2550 consueto
362 2493 607 2564 -‚ventriculnm)
620 2495 720 2549 Mum
736 2501 820 2550 inemo
838 2511 864 2551 c:
882 2501 895 2549 i
915 2486 969 2548 tais
987 2495 1119 2564 (intrans)

96 2583 129 2634 p.
220 2570 237 2620 8
261 2564 321 2635 ylio
338 2581 375 2635 p,
393 2563 449 2619 elio
472 2581 495 2620 c.
585 2569 604 2619 4
622 2565 702 2621 dolor
722 2567 894 2635 punctuoaoe
917 2565 1077 2620 discunens
1096 2580 1120 2633 c,

101 2635 213 2692 dolores
230 2634 346 2705 punctio
364 2634 549 2691 discurrentes
562 2653 596 2706 p.
680 2641 696 2690 ὅ
715 2639 746 2691 et
762 2635 830 2706 oliq.
844 2653 875 2705 p.
963 2635 1068 2704 splenio
1082 2653 1119 2704 pc

100 2706 208 2762 ventrio
234 2723 257 2761 e.
365 2708 527 2777 ticogento
549 2723 585 2776 p:
617 2709 789 2777 congruente
816 2723 838 2762 c.
948 2706 1119 2775 ‘iperitoeo

101 2780 263 2847 (-toneon)
276 2793 312 2846 pt
330 2777 445 2848 pitoneo
462 2793 484 2833 c.
556 2776 650 2832 idest
666 2777 773 2834 addim.
806 2778 841 2846 cf.
863 2777 989 2832 Petronc.
1005 2794 1036 2847 p.
1051 2781 1118 2833 275.

100 2865 203 2934 vulgos
229 2853 342 2938 mapp¹¹o
368 2863 438 2922 dicit
455 2883 492 2936 p,
518 2866 604 2936 vulgo
629 2883 734 2937 mappa
760 2864 822 2921 diat
848 2866 968 2935 (dicunt)
991 2882 1007 2921 c
1028 2866 1118 2932 (Petr.

96 2954 127 3006 p.
146 2940 226 3006 275).
306 2937 395 2991 8onb
412 2939 477 2992 cute
490 2954 527 3007 p:
546 2936 687 2993 succincte
704 2953 727 2992 c.
809 2936 966 2992 boreverit
982 2953 1011 2992 c:
1030 2937 1119 2992 cerni·

99 3014 148 3062 tor
160 3024 192 3078 p.
302 3013 334 3062 11
354 3007 403 3063 Sin
422 3024 449 3064 c:
473 3005 505 3062 Si
516 3025 548 3079 p.
658 3006 853 3064 normalem
870 3006 946 3062 viam
972 3024 1058 3077 quam
1071 3024 1118 3078 pc.

99 3112 224 3168 oratione
242 3129 326 3184 porus
343 3130 367 3182 c,
385 3083 493 3183 oritirffi
511 3131 611 3184 porum
625 3131 656 3184 p.
729 3119 763 3168 15
781 3113 913 3169 inesse
932 3112 1073 3182 significet
1085 3131 1117 3183 p.

101 3191 137 3240 lo
160 3184 327 3254 eordnponrn
349 3186 455 3257 (-su3)
478 3202 506 3252 c,
533 3185 775 3256 cordapsonemp
805 3185 947 3256 (-psoe3‚
970 3186 1119 3239 etiterum

99 3261 189 3325 poeno
209 3257 267 3325 ρο).
373 3258 417 3311 eot
441 3272 468 3312 c:
493 3272 581 3327 oncp
602 3257 665 3319 (obi
688 3272 723 3311 oc.
743 3256 847 3311 coaluit
865 3271 925 3311 cum
945 3255 1117 3325 elwrdopso).

100 3326 167 3382 mol.
186 3325 280 3397 pensio
298 3327 343 3382 est
361 3342 425 3381 oum
443 3344 469 3382 a.
483 3344 516 3398 p.
607 3333 638 3381 17
659 3330 689 3382 et
709 3325 760 3381 inb.
779 3327 905 3382 omnium
923 3328 944 3380 t.
958 3342 990 3394 p.
1084 3333 1118 3381 18

99 3439 307 3488 concreatae.
370 3428 444 3488 frl'rt'
458 3434 521 3487 ture
535 3449 558 3500 e,
572 3430 658 3487 simili
671 3432 754 3503 2425!
763 3449 787 3500 p
802 3433 844 3498 (in
856 3447 942 3500 morp.
957 3395 1051 3487 titum
1061 3436 1118 3500 12⁰).

102 3508 135 3558 19
155 3502 226 3558 ileos
244 3519 270 3571 c,
288 3502 366 3573 yleos
380 3520 412 3573 p.
484 3503 651 3574 cordapsnm
669 3519 692 3574 e,
711 3518 795 3557 -oon
811 3519 841 3572 p.

931 3591 970 3645 Q*
