2512 3908
506 227 745 292 -135-

73 395 80 402 ·
109 375 276 453 clysterem
298 373 481 434 retinuerint
503 381 702 453 aegrotantes,
732 372 819 434 simul
843 384 874 435 et
896 375 1009 434 ventris
1032 375 1130 437 officio

112 469 238 541 negato,
265 467 385 540 oportet
413 480 450 523 ex
477 461 607 522 folliculo
635 465 741 523 aerarii
764 481 866 522 curam
893 461 1047 542 adbibere,
1070 481 1130 542 quo

110 551 211 628 possit
230 567 321 628 supra
341 559 503 611 memorata
522 553 731 611 intestinorum
750 551 891 611 corticula
905 555 966 612 sice
985 551 1129 614 involutio

111 645 239 716 accepto
258 647 347 699 vento
366 637 513 716 replicari.
550 647 580 698 et
597 639 630 698 lit
654 637 710 697 boc
729 637 825 696 modo.
861 641 1000 701 intestina
1018 640 1130 702 bubula

111 744 256 787 mensura
280 724 375 787 cubiti
397 729 488 786 unius
511 725 615 786 tubulo
643 725 764 786 lolliculi
788 725 945 805 diligenter
967 738 1068 806 sparto
1091 730 1156 791 abo

110 833 174 876 una
196 823 282 894 parto
305 811 420 892 ligabis.
459 813 595 875 similiter
617 817 725 875 iterum
749 815 871 875 alteram
894 823 1008 896 partem
1034 818 1129 894 ipsius

107 905 249 964 intestini
267 920 355 963 osseo
370 902 482 963 aulisco
501 903 660 981 colligabis,
679 912 709 963 et
727 904 834 981 supino
852 904 1001 965 schemate
1020 906 1128 965 iacenti

106 998 235 1071 aegroto
259 992 379 1071 inicies,
401 990 557 1070 subposito
580 994 662 1070 prius
681 991 819 1052 clunibus
846 991 998 1072 cervicali,
1020 1002 1052 1054 et
1073 1012 1128 1073 per

107 1080 251 1160 podicem
279 1081 438 1140 eremizato
466 1079 535 1139 tolle
562 1086 766 1158 competenter
789 1088 910 1142 ventum
937 1079 1055 1141 inllabis
1081 1082 1128 1143 vel

105 1185 202 1247 quam
220 1167 272 1229 diu
292 1167 349 1229 sibi
368 1171 486 1247 patiens
503 1177 624 1228 ventum
639 1187 733 1247 usque
751 1168 787 1228 ad
807 1169 991 1229 stomachum
1010 1171 1127 1231 sentiat.
1141 1185 1168 1225 ro

105 1265 184 1317 tuno
203 1257 349 1317 auliscnm
374 1256 513 1317 detrahes
532 1266 563 1317 et
580 1260 702 1336 spongia
720 1257 813 1318 calida
832 1274 972 1337 expressa
990 1258 1127 1337 podicem

107 1344 272 1418 obtrudes,
308 1353 340 1406 et
370 1363 439 1405 cum
472 1347 566 1405 nimie
591 1346 728 1406 assellare
755 1345 968 1406 desideraverit
999 1346 1126 1407 anleres.

106 1436 154 1494 sic
185 1435 265 1493 enim
293 1436 404 1513 poterit
431 1436 529 1494 omnis
557 1443 723 1494 stercorum
750 1442 882 1494 vetustas
908 1436 1054 1496 correctis
1081 1437 1125 1495 in·
1192 1502 1198 1516 Ι

109 1523 231 1583 testinis
254 1523 345 1582 nimia
367 1524 545 1582 ventositate
568 1522 693 1584 excludi.
736 1521 844 1583 debinc
867 1524 963 1584 ventri
986 1530 1017 1583 et
1039 1541 1125 1603 prae·

108 1610 222 1671 cordiis
241 1629 277 1669 ex
297 1609 390 1671 calida
409 1620 440 1670 et
459 1611 524 1670 oleo
544 1611 702 1671 sufficienti
720 1619 868 1690 ptygmata
886 1610 978 1673 dabis.
1011 1613 1037 1672 si
1052 1629 1125 1673 roro
1140 1627 1165 1666 1⁶

108 1701 200 1759 nimia
234 1700 352 1758 siccitas
385 1701 521 1778 corporis
553 1701 654 1779 luerit,
690 1702 779 1759 etiant
811 1717 847 1759 cx
879 1699 973 1761 calida
1000 1707 1031 1760 et
1057 1699 1124 1760 oleo

106 1789 274 1866 semicupio
299 1787 443 1866 depositis
467 1786 607 1848 embasim
631 1786 792 1848 adhibebis.

278 1946 337 2006 Lll.
374 1947 422 2007 to
446 1947 636 2027 podagram
660 1956 695 2008 et
716 1909 953 2008 artbriticam.
995 2029 999 2035 .

198 2069 253 2131 Est
272 2079 371 2131 autem
390 2070 520 2150 podagra
539 2072 668 2132 causatio
686 2071 794 2150 pedum
815 2088 973 2132 nervorum
992 2073 1123 2150 partium

106 2158 296 2239 ultimarum,
323 2177 360 2218 ex
386 2177 443 2237 qua
467 2161 612 2238 contingit
641 2160 820 2238 patientibus
842 2178 963 2239 gressus
986 2161 1123 2239 corporis
1137 2174 1163 2214 ao

105 2247 254 2327 impediri.
293 2249 430 2326 seqnitur·
453 2258 552 2308 antem
576 2247 741 2308 laborantes
765 2250 794 2307 in
818 2250 882 2327 ipso
906 2250 990 2308 initio
1014 2265 1122 2308 sensus

178 2399 341 2455 2fellioulo
359 2417 401 2470 cp.
510 2401 611 2455 aerarii
636 2402 682 2470 (cf.
703 2400 774 2456 Cael.
793 2417 837 2456 ox.
857 2407 887 2467 3,
908 2402 983 2469 lob:
1007 2399 1122 2471 erario,

104 2468 194 2555 httori
207 2495 244 2557 12⁰
263 2489 324 2558 (ubi
341 2491 371 2543 bo
390 2505 424 2543 ex
441 2491 531 2558 corr.).
617 2496 633 2542 3
651 2489 846 2545 intestinorum
859 2505 894 2558 p:
912 2505 963 2543 om.
983 2505 1005 2545 c.
1078 2488 1122 2544 in·

103 2560 256 2615 volutacoe
274 2560 411 2629 (-oione)
430 2577 452 2614 c.
548 2559 686 2614 4bubule
700 2577 730 2630 p.
815 2560 965 2615 otubu10=
983 2561 1016 2615 in
1032 2576 1121 2632 marg.

99 2637 138 2701 10⁰
156 2630 175 2684 i.
190 2629 376 2686 extolloborio.
449 2629 580 2685 fuluculli
593 2646 615 2698 c,
633 2629 752 2685 felliculi
768 2647 799 2700 p.
871 2633 981 2699 sparto:
995 2632 1078 2702 spato
1089 2647 1122 2701 p,

104 2701 198 2771 spatio
212 2718 235 2755 c.
300 2704 407 2771 oporte
421 2717 509 2770 cnop.
572 2701 708 2771 ligabiao:
723 2700 894 2771 religabisp.
958 2699 1121 2771 lligebisc.

102 2772 245 2827 iacentem
264 2776 392 2842 egrotum
412 2790 455 2842 cp.
541 2773 625 2827 8sub
643 2772 735 2842 posibo
753 2789 795 2841 cp.
880 2771 1046 2843 termimto
1065 2778 1122 2842 φῦ,

103 2843 251 2898 criminato
266 2861 296 2912 p.
382 2843 449 2898 fella
469 2861 495 2912 e,
514 2843 609 2897 follem
623 2860 654 2912 p.
735 2845 819 2898 rento
842 2860 884 2913 cp.
968 2849 1001 2897 10
1019 2841 1074 2898 sibi
1092 2860 1121 2898 c:

103 2913 174 2983 sip.
265 2931 354 2983 neque
378 2914 415 2968 ad
439 2915 612 2969 stomachum
634 2931 669 2984 p:
693 2930 743 2969 om.
763 2931 785 2968 c.
878 2920 908 2968 tl
928 2913 1079 2969 debahens
1097 2930 1120 2969 c.

103 2985 235 3054 podicem
258 2985 392 3039 obtrudes
415 3003 442 3040 c:
465 2985 597 3054 pollicem
624 2984 766 3040 obstinene
792 2984 924 3041 obtrudee
944 3001 976 3054 ρ.
1085 2990 1119 3040 13

102 3056 232 3110 omnium
251 3073 294 3125 cp.
385 3057 520 3110 vetustius
537 3055 661 3124 corigere
679 3054 811 3111 correctis
830 3057 931 3124 (ciclo.
1022 3061 1057 3110 lt
1075 3057 1119 3111 et:

103 3143 137 3181 ao
151 3144 212 3209 p..
276 3133 308 3182 15
328 3127 508 3209 (sufficientia
524 3127 539 3198 l)
558 3127 662 3209 tiginta
679 3144 702 3193 c,
721 3127 862 3197 ptigmeta
875 3143 905 3208 p:
980 3125 1121 3181 tefuerit

102 3213 312 3338 ltltlttn
326 3200 497 3339 tttllplt
508 3197 834 3337 pondeepppgpp
850 3197 1079 3337 “tubabit
1095 3213 1118 3324 ἕξ

104 3344 137 3393 18
156 3339 201 3392 Ad
225 3341 378 3409 podogram
398 3343 427 3393 et
445 3339 591 3394 ariel-icam
611 3356 636 3404 c,
656 3340 696 3392 De
714 3339 828 3409 podaga
845 3337 920 3412 podo
934 3354 1044 3408 posup
1063 3339 1119 3407 (Aa

101 3428 129 3480 p.
145 3413 175 3464 et
187 3411 321 3465 arteticos
331 3412 389 3464 ind.
400 3414 442 3479 p).
518 3417 550 3464 19
561 3410 662 3479 pedum
677 3427 810 3465 neuorum
825 3427 847 3478 o,
861 3399 935 3479 petil
948 3453 954 3466 .
965 3453 971 3465 .
981 3411 1120 3478 ra)lorum

96 3481 186 3549 Μαί,
206 3483 269 3535 Gal.
292 3482 394 3549 XIII,
413 3486 490 3550 332).
