2512 3908
506 242 749 305 -147-

116 389 254 466 flegmate
281 395 312 447 et
338 385 415 448 fellis
442 386 509 448 ssavi
537 388 747 448 commixtione
772 386 919 468 ellioitur,
948 395 979 447 et
1002 387 1140 450 similiter

116 475 165 535 die
183 477 263 534 inter
281 473 360 536 diem
378 478 457 538 sieut
474 474 591 537 aeribes
609 477 756 537 tertianus
776 483 923 557 movetur,
942 474 996 537 sed
1015 477 1140 555 inipsis

116 564 296 624 accessionis
314 563 397 626 horis
414 565 602 626 inordinatus
620 565 838 644 invenitur,‘et
860 567 887 624 si
905 567 1044 626 autumni
1064 574 1139 627 tem·

114 669 189 731 pore
209 653 301 715 luerit
318 661 416 736 natus,
433 656 464 713 in
484 659 660 731 quartanum
680 645 859 730 frequenter
876 654 1011 715 vertitur.
1025 662 1139 734 typum.

204 751 364 823 propterea
382 742 545 803 curationis
564 749 699 821 tempore
711 758 758 800 ex
781 741 868 801 initio
887 738 936 800 die
960 742 1040 800 inter
1059 742 1165 803 diemo

113 830 232 891 relicies
254 836 455 910 aegrotantes,
477 828 604 890 hocest
626 838 661 890 ut
681 828 732 889 die
761 831 828 909 ipsa
843 847 910 908 qua
933 831 1137 891 accessionem

84 929 86 933 ’
113 921 269 996 patiuntur
296 919 431 980 ieiunent
458 927 488 978 et
501 950 503 959 ·
517 918 565 979 die
592 919 709 978 anetica
732 919 887 996 recipiant.
932 917 986 977 sed
1010 921 1036 978 si
1059 919 1137 978 iorte

115 1007 261 1067 ieiunium
287 1008 409 1068 minime
435 1008 590 1087 potuerint
616 1005 760 1086 tolerare,
788 1007 977 1066 remissionis
1000 1015 1136 1085 tempore

113 1096 283 1174 recipiant
312 1103 344 1156 et
369 1102 528 1175 postquam
554 1096 660 1174 pepsin
689 1095 798 1156 lecerit
828 1093 1001 1175 aegritudo,
1031 1095 1061 1155 id
1090 1104 1136 1156 est

111 1191 182 1262 post
213 1182 268 1243 llll
299 1183 439 1264 periodos
471 1186 533 1245 sive
562 1184 765 1264 accessiones,
798 1201 873 1262 quas
897 1182 1011 1244 Gracci
1039 1184 1176 1263 episc-10

114 1273 221 1332 masias
244 1281 362 1347 vocant,
389 1271 563 1353 praecordia
591 1289 696 1333 eorum
725 1270 968 1353 cataplasmatis,
998 1273 1078 1334 sicut
1102 1274 1134 1332 in

113 1360 329 1441 cotidianariis,
353 1368 383 1422 et
406 1359 481 1422 lanis
497 1359 624 1422 mundis
646 1360 711 1421 loca
734 1359 848 1421 tutabis
872 1368 903 1421 et
926 1359 1080 1442 laseiahis,
1103 1369 1135 1421 et

111 1451 137 1508 si
161 1456 265 1509 ventor
292 1467 353 1509 non
380 1450 499 1532 lecerit,
531 1466 592 1509 oon
616 1447 700 1510 valde
724 1447 808 1509 molli
834 1448 964 1528 clystere
993 1448 1133 1510 deduces

110 1536 195 1598 dabis
226 1539 316 1598 etiam
347 1537 394 1598 his
426 1545 456 1599 et
487 1539 620 1617 ptisanae
653 1554 761 1598 sucum
793 1555 831 1598 ex
863 1547 949 1598 aceto
982 1545 1013 1597 et
1045 1536 1133 1598 melle

109 1625 211 1705 puleio
233 1627 337 1706 pipere
360 1627 477 1705 cymino
501 1628 622 1706 origano
646 1627 828 1691 conlectum.
865 1627 958 1686 etiam
978 1634 1011 1686 et
1029 1626 1131 1686 urinas
1147 1641 1174 1681 15

108 1713 284 1793 provocabis
307 1732 344 1775 ex
372 1714 547 1779 decoctione
569 1716 629 1794 apii
652 1723 684 1775 et
704 1713 794 1776 dauci
817 1722 855 1778 et¹
871 1714 954 1788 aneti
977 1722 1008 1775 et
1031 1716 1131 1794 spicae

108 1801 239 1884 indicae,
261 1812 292 1863 et
313 1812 383 1883 post
404 1803 478 1865 haec
496 1801 638 1872 absinthii
660 1804 776 1883 pontici
796 1803 990 1883 inlusionem,
1003 1820 1059 1883 per
1077 1805 1130 1864 tri·

107 1889 201 1952 duum
228 1893 337 1954 ieiunis
364 1890 448 1952 dahis
474 1899 526 1954 aut
553 1880 858 1973 oxymellis‚'-vel1ea
886 1909 965 1970 quae
994 1898 1142 1952 ventrem,

108 1978 259 2062 molliunt,
282 1987 313 2042 et
335 1979 461 2043 sanabis.

318 2138 429 2200 LVllll.
467 2139 514 2199 Ad
541 2107 663 2219 typum
687 2121 922 2226 cotidianum.
1145 2155 1172 2196 ao

196 2262 298 2344 Typus
325 2263 491 2325 cotidianus
522 2280 629 2342 graeco
657 2261 802 2323 vocabulo
831 2263 1044 2324 amiemerinos
1067 2265 1129 2324 sive

107 2350 327 2414 cathemerinos
348 2351 522 2432 appellatur.
560 2358 591 2411 et
609 2350 740 2413 efficitur
758 2350 815 2412 suh
839 2352 1034 2430 frigidissimo
1058 2351 1129 2431 lleg·

60 2490 63 2497 ,
106 2449 187 2501 mate
210 2442 349 2520 quotiens
366 2459 401 2502 os
424 2441 539 2527 ventris
559 2441 625 2519 ipso
647 2438 774 2532 humore
798 2440 891 2502 luerit
913 2439 1128 2519 infrigidatum.

176 2628 288 2686 idiem
301 2646 334 2700 p.
415 2628 527 2701 agribu
546 2646 567 2684 c.
648 2628 679 2683 in
697 2643 748 2684 ont.
768 2644 805 2682 c.'
879 2627 1126 2684 descessionibus

102 2698 181 2756 horis
199 2716 270 2771 ep·
327 2703 482 2771 autumpno
500 2701 628 2770 tempore
647 2716 670 2766 o,
687 2705 700 2752 i
719 2700 827 2754 solino
844 2700 904 2753 tem
944 2715 1021 2769 rep.
1110 2705 1127 2752 6

102 2770 195 2826 reticio
213 2787 255 2856 cp.
339 2771 500 2832 'lrelioiani
517 2787 540 2827 c.
630 2768 838 2825 8remissionis
857 2787 885 2824 c:
926 2769 1079 2825 ‘missionis
1093 2787 1125 2840 p.

102 2850 120 2897 9
146 2841 286 2898 roffiorani
314 2860 341 2913 o,
370 2843 499 2899 reficient
522 2859 546 2912 p
570 2842 628 2914 (sed
656 2841 689 2896 iu
713 2857 801 2911 marg.
822 2847 859 2910 ρο
884 2848 897 2894 i
922 2837 941 2895 d
967 2841 1124 2912 recipiant).

100 2914 159 3005 pfil
173 2947 206 3014 p,
222 2930 326 3014 possim
344 2913 469 3002 (pesemi)
488 2948 510 2987 o.
565 2936 619 3013 '10
637 2927 806 3012 accessionis
822 2947 864 3000 ep.
939 2928 1125 2999 opiosmcsies

100 3001 592 3144 {contemnamus
606 3019 632 3057 ⁶·
650 2999 827 3154 muse
885 3003 1125 3154 duilius}

101 3146 133 3198 et
149 3143 196 3199 hir
213 3142 323 3215 ptimne
336 3161 372 3215 p,
391 3144 461 3200 datii
480 3145 509 3199 et
526 3143 570 3198 ius
588 3145 619 3200 et
635 3145 749 3212 trpsene
769 3159 790 3197 o.
885 3148 917 3196 lo
937 3141 1065 3212 pullegio
1083 3136 1124 3213 1313

100 3213 205 3270 cimino
223 3214 339 3286 origano
358 3232 384 3273 c:
408 3214 504 3286 puleio
523 3217 553 3269 et
568 3213 666 3285 pipere
685 3215 716 3266 et
734 3228 842 3284 organo
856 3229 889 3283 p.
982 3213 1069 3268 etiem
1088 3242 1122 3253 —

101 3290 160 3354 (17)
177 3285 248 3342 hoec
264 3302 316 3342 om,
335 3303 357 3343 e.
431 3291 464 3341 18
478 3284 588 3341 ieiunus
607 3283 696 3354 (-n⁹)
713 3300 739 3340 e.
812 3282 954 3340 oximellis
971 3301 1013 3353 ep.
1088 3289 1123 3339 20

100 3355 258 3413 emolliunt
360 3363 396 3413 20
414 3356 456 3411 De
474 3357 543 3427 typo
562 3354 742 3424 cotidienop
761 3354 817 3424 (Ad
835 3353 929 3425 tipum
947 3354 1123 3410 cotidianum

100 3427 159 3484 ind.
178 3431 236 3498 ep):
254 3428 299 3483 Ad
317 3428 488 3484 cotidianum
503 3445 526 3484 o.
603 3433 637 3482 21
657 3426 829 3482 isemerinus
844 3443 868 3493 c,
886 3425 1077 3482 emfimerinos
1090 3443 1121 3494 p.

100 3504 135 3552 22
154 3499 359 3555 cathemorinos
377 3516 418 3569 ep.

910 3585 966 3638 W
