2512 3908
504 231 724 296 ..⁶13-

198 377 247 437 sin
278 393 348 437 vero
381 377 564 457 glutinosum
594 377 712 456 llegma,
745 377 825 456 quod
858 376 964 439 Graeci
994 378 1126 441 collodes

107 472 229 545 vocant,
256 466 371 544 ingenti
393 475 501 528 conatu
524 464 562 526 de
589 465 709 527 thorace
737 466 810 527 ierri
832 468 979 542 senseris,
1009 468 1126 546 oxymel

106 553 218 613 ieiunis
240 551 333 614 dabis.
370 564 401 616 et
418 555 576 616 coniicitur
593 556 645 615 sic.
682 552 778 613 melfis
796 556 903 632 optimi
922 555 996 616 duas
1015 563 1127 636 partes,

107 642 186 702 aceti
208 643 334 704 acrioris
360 642 420 703 albi
446 651 562 723 partem
590 659 678 703 tinam
701 659 771 702 cum
797 641 897 720 puleio
920 652 952 704 et
974 644 1126 705 radicibus

107 730 168 809 apii
191 730 296 792 viridis
318 729 416 810 pridie
438 730 545 791 infusis
566 729 648 791 lento
669 733 739 810 igne
762 729 851 792 simul
874 747 1000 812 coques,
1030 733 1153 794 doncct

108 816 206 880 mellis
238 816 466 880 crassitudinem
499 817 679 880 mediocrem
713 827 818 879 sumat
874 827 947 881 tuuc
983 817 1021 879 ab
1057 822 1126 898 igne

108 905 198 968 tolles
229 914 261 967 et
292 923 348 984 per
378 906 532 970 linteolum
563 907 707 968 mundum
734 924 910 985 expressum
938 907 1066 986 liquabis
1097 916 1129 968 et

108 994 217 1056 exinde
253 994 434 1056 coclearium
460 1004 513 1057 aut
543 995 603 1056 duo
630 994 820 1075 singulariter
851 994 898 1055 vel
930 1013 999 1057 cum
1032 998 1128 1075 apiata

109 1082 203 1144 calida
226 1081 320 1145 dabis.

200 1172 249 1233 sin
272 1190 343 1233 vero
365 1190 473 1253 aspero
496 1171 542 1233 rel
564 1171 696 1233 mordaci
717 1171 843 1232 humore
864 1165 869 1255 l
889 1191 959 1234 cum
985 1174 1128 1234 strictura
1137 1195 1162 1236 r·
1176 1187 1222 1230 1⁸³·

109 1261 202 1322 tussis
230 1260 324 1322 luerit
351 1269 511 1340 commota,
538 1261 617 1321 iacni
644 1262 742 1340 graeci
768 1279 875 1321 sucum
905 1261 970 1322 dari
1000 1269 1129 1342 oportet.

109 1357 156 1410 est
184 1349 266 1410 enim
289 1347 427 1410 lenificae
454 1351 585 1430 virtutis,
612 1350 665 1427 qui
691 1347 786 1410 valeat
812 1349 947 1410 humoris
970 1351 1128 1428 asperrimi

109 1433 218 1498 lenire<
233 1435 406 1518 qualitatem
432 1447 464 1499 et
490 1439 648 1499 stricturae
676 1436 828 1516 querelam
856 1436 1016 1499 relaxando
1049 1439 1127 1498 miti-

108 1542 189 1604 gare.
231 1533 263 1587 et
282 1526 447 1588 coniicitur
473 1525 530 1587 hoc
552 1527 649 1587 modo.
691 1527 819 1607 accipies
842 1527 963 1588 faenum
986 1544 1128 1606 graecum

105 1621 272 1694 purgatum
290 1623 322 1676 et
338 1632 415 1694 aqua
433 1614 513 1676 dulci
535 1613 644 1676 lavabis
662 1623 696 1675 ut
719 1621 834 1676 terrosa
852 1624 952 1676 careat
976 1615 1126 1695 qualitate.
1141 1626 1169 1668 1⁶

107 1708 183 1764 tunc
203 1719 296 1783 supra
317 1704 510 1765 tenuissimos
527 1701 671 1764 carbones
689 1701 795 1763 leviter
813 1722 934 1786 coques,
957 1712 991 1765 ut
1008 1722 1128 1765 omnem

102 1790 283 1853 acredinem
300 1790 438 1873 deponat,
456 1799 488 1853 et
505 1792 635 1854 secunda
655 1808 731 1870 aqua
750 1791 878 1853 mutabis
897 1792 1002 1854 delusa
1013 1793 1129 1872 -priori,

102 1888 137 1942 et
167 1881 280 1941 iterum
303 1897 415 1959 coques
442 1882 540 1942 itaut
565 1882 630 1960 ipsa
657 1880 791 1941 decoctio
819 1880 968 1960 glutinosa
991 1883 1023 1942 in
1046 1883 1129 1942 simi·

98 1964 269 2031 litudinem
297 1967 407 2030 coloris
434 1970 495 2030 vini
521 1969 682 2049 redigatur.
723 1976 795 2029 tunc
822 1968 859 2031 ab
887 1972 956 2050 igne
985 1969 1071 2031 tolles
1098 1977 1130 2029 et

100 2073 165 2138 per
185 2056 352 2119 linteolum
374 2056 518 2118 mundum
540 2056 681 2138 liquabis,
705 2063 735 2116 et
763 2056 846 2119 dabis
869 2060 978 2119 ieiunis
1001 2076 1039 2119 ex
1062 2060 1127 2137 ipso
1141 2071 1169 2111 to

101 2163 184 2208 suco
213 2143 337 2207 calicem
360 2163 454 2207 unum
476 2144 656 2207 mediocrem
679 2145 808 2207 admixto
836 2145 932 2207 mellis
960 2146 1130 2226 despumati

104 2233 261 2297 cocleario
292 2252 362 2296 uno.
407 2242 439 2295 et
470 2236 496 2294 si
526 2234 604 2295 forte
636 2233 732 2295 adbuc
759 2235 880 2295 minime
913 2235 1005 2295 luerit
1032 2234 1130 2295 soluta

103 2323 244 2386 thoracis
271 2323 461 2403 constrictio,
487 2323 566 2383 inter
590 2310 726 2404 scapulas
754 2323 835 2383 circa
862 2322 998 2404 spondyli
1029 2322 1129 2384 locum

105 2412 336 2493 praeceperatis
358 2409 494 2491 partibus
516 2410 669 2472 scariiabis
688 2421 719 2473 et
740 2429 796 2492 per
816 2410 990 2473 cucurbitae
1010 2419 1129 2491 raptum

109 2507 334 2582 competentem
357 2500 510 2580 sanguinis
532 2500 611 2579 quod
632 2499 805 2561 relaxationi
829 2501 980 2562 faciendae
999 2500 1129 2562 sulliciat
1142 2512 1170 2554 ss

185 2633 266 2690 trin
287 2650 333 2704 gc:
356 2634 429 2703 sip.
519 2633 628 2690 coliode
647 2634 728 2703 (-d‹'s
742 2637 776 2705 p)
792 2651 853 2706 ρῳ.
944 2634 1085 2690 ioximel
1101 2650 1129 2704 9,

111 2722 147 2762 ex
163 2705 281 2763 mellae
298 2703 393 2774 (haim
407 2703 546 2760 oximellis
560 2704 762 2761 conlectionem
771 2709 813 2776 p).
887 2712 903 2760 3
923 2709 953 2760 ei
964 2722 995 2777 q:
1015 2705 1090 2774 quod
1105 2722 1128 2761 c.

110 2777 184 2833 duas
200 2778 299 2848 partes
316 2793 347 2857 p:
365 2778 461 2846 partes
478 2774 506 2830 11
524 2792 565 2845 cp.
668 2782 685 2830 4
703 2777 796 2832 ocoeii
812 2793 838 2847 9.
941 2775 1084 2830 radicibus
1102 2793 1129 2833 a.

110 2846 213 2906 viridis
230 2845 380 2917 (viridibus
394 2849 419 2918 c)
437 2864 464 2917 p.
477 2845 638 2916 infusiscp:
655 2847 764 2903 radices
777 2864 803 2903 a.
816 2846 921 2902 virides
935 2864 964 2917 p.
982 2846 1089 2901 infusas
1100 2863 1128 2917 q.

113 2925 310 2990 impressum
328 2935 374 2989 cp:
392 2919 566 2987 obpressum
583 2934 610 2988 q.
684 2925 716 2973 10
735 2919 778 2974 sin
795 2934 842 2991 pes
867 2918 891 2973 si
904 2935 936 3001 p.
1010 2917 1130 2972 sbicturs

110 2994 193 3062 gost
211 3005 300 3060 supra
312 3006 345 3059 p.
363 2993 449 3056 72,6
472 2987 674 3057 condictione).
781 2995 814 3043 11
838 2989 915 3043 soem
936 3004 955 3058 9
976 2988 1053 3055 (lanu
1076 2990 1128 3057 cp).

114 3066 148 3116 12
166 3060 218 3131 qui
235 3063 265 3129 (q
283 3063 310 3129 c)
326 3076 373 3130 gc:
391 3075 446 3129 qus
464 3061 505 3143 (q)
518 3075 550 3129 p.
658 3066 693 3114 14
712 3059 797 3142 foena
816 3059 951 3141 (-ni·p⁰)
969 3076 1084 3128 grecum
1102 3076 1130 3128 9,

112 3131 298 3202 fenugrecum
317 3147 341 3199 c,
357 3131 502 3201 fenugrecr
513 3147 546 3200 p.
632 3136 665 3185 16
683 3131 784 3185 leuiter
800 3148 831 3202 q:
849 3129 952 3184 lemter
970 3146 1012 3212 cp.
1095 3135 1128 3185 17

112 3203 239 3258 secondo
263 3218 338 3273 equa
361 3201 424 3271 (sic)
448 3217 509 3272 ρῳ.
551 3271 579 3285 ..
616 3200 715 3284 deioss
736 3231 770 3242 -
794 3203 851 3271 (20)
878 3200 1001 3283 liquabas
1026 3217 1077 3256 orn.
1106 3217 1128 3255 c.

112 3271 339 3400 {imisue
361 3360 395 3413 φ
409 3277 442 3326 ²³
457 3271 769 3412 'lilillilllli‘
785 3271 989 3412 1111ΠΙ
1001 3270 1128 3396 iius

112 3416 301 3542 {glelabllsnbi
310 3430 792 3554 suffiqqqqqqqiqqssqcoiqqqqeqnyqrcepq
803 3413 1018 3544 sufficlxglmycli.
1028 3429 1129 3553 m·
