2512 3908
456 251 730 336 2109-

101 407 135 460 et
166 393 282 474 oxymel
314 395 414 454 ieiuno
442 413 510 457 cum
537 395 632 474 apiata
665 393 762 476 dabis,
795 404 826 457 et
856 404 924 476 post
952 394 1017 455 dics
1045 404 1124 455 cata·

103 485 255 566 plasmatis
283 480 416 562 expletos
443 482 544 545 Nileos
576 482 731 563 splenicon
762 484 950 565 lexipyreton
982 501 1124 564 appones.

101 582 136 634 et
162 571 319 632 coniicitur
347 573 399 634 sic.
439 590 539 654 corae,
568 573 745 632 ammoniaci
772 580 889 652 guttae,
919 573 978 633 olei
1008 574 1125 633 rosacei

103 676 139 723 ÷
161 659 217 741 lll,
238 662 321 722 croci
343 659 364 726 3
387 659 479 740 Vllll,
502 659 582 721 aloes
604 657 626 725 5
648 658 696 718 vi
758 658 850 738 aliqui
873 671 973 720 tamen
997 663 1079 722 croci
1102 661 1124 728 5

103 748 141 810 Vl
163 750 294 810 mittunt
329 751 407 810 aceti
429 747 509 827 quod
531 748 685 809 sullecerit
703 747 740 808 ad
759 746 978 809 conterendum
999 761 1151 810 crocumo

101 847 134 899 et
156 845 269 918 guttam
293 836 477 897 ammoniaci.

290 1010 405 1075 XLllll.
440 1013 489 1073 nd
513 1015 689 1092 epaticam
712 1014 929 1092 passionem.

192 1135 248 1196 Est
278 1144 378 1197 autem
410 1137 524 1217 epatica
552 1138 652 1216 passio
684 1139 819 1197 causatio
848 1139 880 1196 in
913 1144 1014 1217 epate,
1046 1154 1122 1214 qnae

102 1226 250 1304 contingit
276 1243 346 1286 oum
377 1231 496 1286 tumore
523 1227 681 1286 viscerum.
731 1224 805 1285 haec
836 1227 920 1305 signa
952 1223 1123 1285 laborantes

103 1321 256 1375 secuntur.
292 1320 340 1373 cst
360 1311 445 1373 dolor
468 1311 589 1374 dextrae
607 1315 702 1393 partis
720 1321 752 1374 et
769 1315 900 1374 extantia
918 1315 1069 1374 viscerum
1093 1317 1124 1372 et
1138 1326 1164 1366 ιο

104 1411 212 1463 tumor.
249 1400 356 1462 dehinc
379 1419 448 1462 cum
471 1402 569 1482 passio
592 1403 735 1482 creverit,
763 1401 922 1481 indigestio
947 1401 1123 1479 frequenter

103 1492 246 1552 nascitur.

191 1580 222 1640 in
245 1576 450 1639 curationibus
473 1596 544 1638 vcro
567 1576 737 1639 llebotomia
760 1581 791 1639 in
815 1577 937 1638 brachio
961 1576 1067 1637 dextro
1091 1577 1122 1636 in

102 1684 177 1727 vena
204 1684 273 1727 cava
296 1665 394 1727 media
419 1666 583 1727 secundum
607 1669 686 1728 vires
714 1669 856 1747 patientis
884 1664 1016 1726 adhibita
1039 1663 1122 1725 utilis

101 1752 322 1835 comprobatur.
1138 1766 1162 1805 ιε,

190 1842 278 1904 aliud.
319 1843 411 1903 tritici
439 1844 534 1903 farina
560 1845 591 1903 in
619 1843 795 1904 decoctione
820 1841 962 1903 absinthii
988 1850 1020 1902 et
1042 1841 1121 1901 aneti

101 1939 189 2009 cocta
211 1939 243 1993 et
264 1932 397 2011 apposita
420 1932 451 1991 in
474 1930 592 1992 sacculo
616 1931 731 1993 inclusa
754 1931 889 1992 dolorem
914 1932 1038 2009 mitigat.

190 2018 278 2081 alind.
315 2019 450 2080 artomeli
474 2019 650 2100 cataplasma
668 2019 834 2081 adhibitum
854 2029 900 2081 cst
918 2018 1121 2080 utilissimum.

191 2106 279 2169 aliud
314 2106 455 2169 absinthii
477 2110 590 2188 pontici
612 2109 763 2169 inlusione
787 2110 904 2169 ieiunos
926 2105 1053 2186 potabis.

190 2195 278 2256 allud.
320 2205 436 2257 costum
464 2197 573 2258 ieiunis
595 2197 813 2258 masticandum
839 2195 936 2275 dabis,
965 2202 999 2255 ut
1021 2196 1122 2274 ipsum
1135 2205 1162 2246 2⁰

101 2284 258 2345 humorem
281 2283 447 2364 inglutiant.
489 2293 519 2346 et
542 2288 572 2346 in
595 2285 702 2346 eodem
724 2285 817 2346 latere
842 2292 999 2363 aegrotum
1022 2283 1120 2342 iacere

99 2371 228 2435 iubebis.

175 2567 190 2616 1
209 2559 340 2616 oximelle
358 2576 386 2629 o,
404 2559 499 2615 oximl'
514 2579 547 2630 p.
626 2561 722 2616 ieiuno
741 2579 769 2628 o,
796 2561 875 2615 -nis
890 2578 920 2630 p.
994 2565 1011 2612 2
1030 2557 1122 2613 nileoa

99 2651 122 2690 a.
141 2630 310 2702 lexiperiton
332 2647 367 2700 cp
389 2628 528 2699 (Νειλέως
546 2631 609 2687 Gal.
630 2631 732 2698 XIII,
751 2638 818 2688 182.
853 2632 888 2697 cs.
913 2632 1022 2686 Νείλου
1044 2629 1121 2696 181).

98 2702 262 2772 same,
284 2700 594 2771 an.†111p(uncias
616 2703 726 2770 trinm).
836 2708 912 2757 466
937 2705 951 2762 3
977 2699 1055 2754 Vllll
1078 2715 1122 2768 cp.

99 2775 164 2830 aloe
179 2790 209 2843 p.
316 2775 411 2828 minen
434 2774 485 2841 (uel
503 2777 553 2840 ai,
579 2775 698 2842 autem:
721 2789 773 2828 ona.
789 2791 824 2842 p,
844 2779 878 2828 oi
898 2773 1078 2841 (suprascr.)
1098 2785 1120 2825 c.

100 2845 177 2909 3v1
195 2861 218 2913 c,
236 2852 255 2907 3
273 2844 312 2898 VI
326 2861 357 2913 p.
443 2842 582 2898 bmfficit
599 2859 641 2912 op.
718 2847 748 2898 et
765 2845 803 2898 ad
821 2846 919 2912 (cont.)
933 2861 964 2912 p.
1056 2843 1122 2896 bet

132 2918 151 2986 .)
175 2931 227 2971 orn.
253 2931 275 2971 c.
379 2920 394 2968 'l
421 2914 465 2967 Ad
491 2914 631 2984 apolicam
653 2915 813 2984 passionem
839 2931 854 2970 c
880 2914 936 2983 (Ad
961 2914 1065 2982 apaten
1089 2912 1121 2966 ia

121 2987 170 3042 nd.
192 3001 271 3056 capp.
290 2988 338 3056 p),
363 2985 406 3040 De
428 2985 541 3055 epatica
562 2986 692 3055 passione
713 3004 744 3056 p.
854 2991 889 3039 10
908 2987 953 3039 est
971 3001 998 3040 o:
1022 3000 1074 3039 orn.
1088 3000 1121 3053 p.

99 3060 131 3113 et
150 3058 257 3112 tumor:
280 3059 310 3112 ot
331 3057 404 3112 lnior
426 3073 453 3125 c,
476 3060 507 3112 et
527 3057 610 3126 hiron
629 3073 660 3127 p.
750 3063 781 3112 11
807 3056 949 3111 curaverit
966 3072 998 3124 p.
1087 3061 1121 3109 1³

100 3144 168 3184 vero
194 3143 225 3184 cr
249 3128 345 3182 autem
367 3144 398 3196 p.
530 3128 565 3194 cs.
592 3129 654 3182 Gal.
683 3129 738 3194 II,
762 3133 826 3184 904.
868 3127 932 3192 XI,
957 3132 997 3182 92
1029 3125 1121 3190 (Onb.

100 3197 170 3270 Syn.
189 3197 256 3266 IX,
274 3203 330 3266 18).
423 3205 454 3252 15
477 3199 650 3268 approbatur
667 3215 690 3254 e.
785 3205 816 3253 17
835 3199 948 3254 dolores
962 3214 993 3266 p.
1087 3200 1120 3252 18

100 3285 243 3341 artomelli
261 3302 289 3352 c,
308 3285 407 3354 axo(==
421 3275 568 3356 arxo)m‘{l'i
583 3305 605 3356 p
623 3288 671 3354 (cf.
692 3287 756 3342 Gal.
776 3287 814 3356 Χ,
834 3292 898 3341 796.
918 3292 994 3353 910).
1076 3291 1121 3341 est

100 3356 283 3412 utilissimum
305 3356 360 3426 (nti
381 3356 479 3412 illisim
496 3360 537 3413 aio
555 3375 582 3424 c,
606 3359 639 3412 in
656 3376 742 3427 morp.
758 3366 794 3427 p⁰
817 3357 954 3426 utillimis)
975 3376 1009 3426 p:
1037 3357 1121 3413 ualde

100 3426 215 3482 utilimit
233 3444 255 3482 c.
329 3434 361 3482 19
381 3428 489 3483 ieiunus
508 3447 535 3495 c,
555 3429 631 3484 istun
648 3447 677 3497 p.
756 3435 792 3482 20
811 3429 920 3483 ieiunus
934 3447 965 3498 p.
1040 3432 1071 3482 et
1088 3432 1121 3484 nt

97 3498 121 3554 i.
141 3499 169 3553 h.
187 3497 311 3569 glutiant
328 3498 479 3568 imperabis
494 3518 524 3570 p.
598 3507 629 3554 21
651 3505 680 3554 ot
699 3501 727 3554 in
748 3518 770 3555 e.
791 3501 808 3554 l.
830 3500 923 3554 iaceat
943 3501 1006 3569 (sic)
1025 3516 1048 3555 o.
