<?xml version="1.0" encoding="UTF-8"?>
<!DOCTYPE html PUBLIC "-//W3C//DTD XHTML 1.0 Transitional//EN"
    "http://www.w3.org/TR/xhtml1/DTD/xhtml1-transitional.dtd">
<html xmlns="http://www.w3.org/1999/xhtml" xml:lang="en" lang="en">
 <head>
  <title>
</title>
<meta http-equiv="Content-Type" content="text/html;charset=utf-8" />
  <meta name='ocr-system' content='tesseract 3.04.00' />
  <meta name='ocr-capabilities' content='ocr_page ocr_carea ocr_par ocr_line ocrx_word'/>
</head>
<body>
  <div class='ocr_page' id='page_1' title='image "./cassiifelicisde02rosegoog_0183.png"; bbox 0 0 2512 3908; ppageno 0'>
   <div class='ocr_carea' id='block_1_1' title="bbox 513 195 752 260">
    <p class='ocr_par' dir='ltr' id='par_1_1' title="bbox 513 195 752 260">
     <span class='ocr_line' id='line_1_1' title="bbox 513 195 752 260; baseline -0.004 -16"><span class='ocrx_word' id='word_1_1' title='bbox 513 195 752 260; x_wconf 71' lang='lat'>-166-</span> 
     </span>
    </p>
   </div>
   <div class='ocr_carea' id='block_1_2' title="bbox 85 337 1187 1828">
    <p class='ocr_par' dir='ltr' id='par_1_2' title="bbox 85 337 1187 1828">
     <span class='ocr_line' id='line_1_2' title="bbox 124 337 1156 422; baseline -0.003 -17"><span class='ocrx_word' id='word_1_2' title='bbox 124 341 317 421; x_wconf 86' lang='lat' dir='ltr'><strong>admiscebis,</strong></span> <span class='ocrx_word' id='word_1_3' title='bbox 343 349 375 402; x_wconf 90' lang='lat' dir='ltr'><strong>et</strong></span> <span class='ocrx_word' id='word_1_4' title='bbox 401 342 432 399; x_wconf 92' lang='lat' dir='ltr'><strong>in</strong></span> <span class='ocrx_word' id='word_1_5' title='bbox 454 337 582 416; x_wconf 77' lang='lat' dir='ltr'><strong>ampulla</strong></span> <span class='ocrx_word' id='word_1_6' title='bbox 603 338 776 417; x_wconf 68' lang='lat' dir='ltr'><strong>redigeret</strong></span> <span class='ocrx_word' id='word_1_7' title='bbox 802 337 896 400; x_wconf 82' lang='lat' dir='ltr'><strong>dahis</strong></span> <span class='ocrx_word' id='word_1_8' title='bbox 941 340 1000 402; x_wconf 85' lang='lat' dir='ltr'><strong>sed</strong></span> <span class='ocrx_word' id='word_1_9' title='bbox 1023 349 1156 422; x_wconf 86' lang='lat' dir='ltr'><strong>propter</strong></span> 
     </span>
     <span class='ocr_line' id='line_1_3' title="bbox 124 423 1160 510; baseline -0.001 -18"><span class='ocrx_word' id='word_1_10' title='bbox 124 433 185 493; x_wconf 83' lang='lat' dir='ltr'><strong>rim</strong></span> <span class='ocrx_word' id='word_1_11' title='bbox 206 430 338 510; x_wconf 86' lang='lat' dir='ltr'><strong>potionis</strong></span> <span class='ocrx_word' id='word_1_12' title='bbox 360 428 458 506; x_wconf 90' lang='lat' dir='ltr'><strong>primo</strong></span> <span class='ocrx_word' id='word_1_13' title='bbox 480 424 565 486; x_wconf 84' lang='lat' dir='ltr'><strong>dabis</strong></span> <span class='ocrx_word' id='word_1_14' title='bbox 586 423 601 485; x_wconf 88' lang='lat'>1</span> <span class='ocrx_word' id='word_1_15' title='bbox 622 424 801 486; x_wconf 73' lang='lat' dir='ltr'><strong>coclearium</strong></span> <span class='ocrx_word' id='word_1_16' title='bbox 822 424 883 486; x_wconf 84' lang='lat' dir='ltr'><strong>olei</strong></span> <span class='ocrx_word' id='word_1_17' title='bbox 898 427 1160 506; x_wconf 74' lang='lat' dir='ltr'><strong>spani-corben·</strong></span> 
     </span>
     <span class='ocr_line' id='line_1_4' title="bbox 125 511 1153 596; baseline -0.001 -17"><span class='ocrx_word' id='word_1_18' title='bbox 125 519 212 596; x_wconf 88' lang='lat' dir='ltr'><strong>dum,</strong></span> <span class='ocrx_word' id='word_1_19' title='bbox 234 523 265 576; x_wconf 92' lang='lat' dir='ltr'><strong>et</strong></span> <span class='ocrx_word' id='word_1_20' title='bbox 288 516 332 575; x_wconf 87' lang='lat' dir='ltr'><strong>sic</strong></span> <span class='ocrx_word' id='word_1_21' title='bbox 355 532 447 595; x_wconf 88' lang='lat' dir='ltr'><strong>snper</strong></span> <span class='ocrx_word' id='word_1_22' title='bbox 469 513 553 575; x_wconf 85' lang='lat' dir='ltr'><strong>dabis</strong></span> <span class='ocrx_word' id='word_1_23' title='bbox 576 515 736 593; x_wconf 80' lang='lat' dir='ltr'><strong>potionem</strong></span> <span class='ocrx_word' id='word_1_24' title='bbox 771 511 872 574; x_wconf 88' lang='lat' dir='ltr'><strong>triduo</strong></span> <span class='ocrx_word' id='word_1_25' title='bbox 893 523 981 575; x_wconf 86' lang='lat' dir='ltr'><strong>recte</strong></span> <span class='ocrx_word' id='word_1_26' title='bbox 1004 534 1066 595; x_wconf 91' lang='lat' dir='ltr'><strong>per</strong></span> <span class='ocrx_word' id='word_1_27' title='bbox 1087 519 1153 578; x_wconf 88' lang='lat' dir='ltr'><strong>sin·</strong></span> 
     </span>
     <span class='ocr_line' id='line_1_5' title="bbox 125 600 1153 685; baseline 0.001 -22"><span class='ocrx_word' id='word_1_28' title='bbox 125 602 211 685; x_wconf 75' lang='lat' dir='ltr'><strong>gnios</strong></span> <span class='ocrx_word' id='word_1_29' title='bbox 229 602 295 663; x_wconf 90' lang='lat' dir='ltr'><strong>dies</strong></span> <span class='ocrx_word' id='word_1_30' title='bbox 312 611 414 684; x_wconf 67' lang='lat' dir='ltr'><strong>oratos</strong></span> <span class='ocrx_word' id='word_1_31' title='bbox 431 613 535 665; x_wconf 89' lang='lat' dir='ltr'><strong>ternos</strong></span> <span class='ocrx_word' id='word_1_32' title='bbox 557 610 610 665; x_wconf 89' lang='lat' dir='ltr'><strong>aut</strong></span> <span class='ocrx_word' id='word_1_33' title='bbox 631 610 807 683; x_wconf 79' lang='lat' dir='ltr'><strong>quaternos,</strong></span> <span class='ocrx_word' id='word_1_34' title='bbox 827 600 998 663; x_wconf 73' lang='lat' dir='ltr'><strong>secundm</strong></span> <span class='ocrx_word' id='word_1_35' title='bbox 1017 611 1153 666; x_wconf 73' lang='lat' dir='ltr'><strong>aetaoem</strong></span> 
     </span>
     <span class='ocr_line' id='line_1_6' title="bbox 98 691 1103 775; baseline 0.006 -28"><span class='ocrx_word' id='word_1_36' title='bbox 98 692 381 775; x_wconf 81' lang='lat' dir='ltr'><strong>enniuscuinsque,</strong></span> <span class='ocrx_word' id='word_1_37' title='bbox 403 694 434 753; x_wconf 93' lang='lat' dir='ltr'><strong>in</strong></span> <span class='ocrx_word' id='word_1_38' title='bbox 456 694 577 772; x_wconf 85' lang='lat' dir='ltr'><strong>potione</strong></span> <span class='ocrx_word' id='word_1_39' title='bbox 599 691 691 752; x_wconf 79' lang='lat' dir='ltr'><strong>dabis.</strong></span> <span class='ocrx_word' id='word_1_40' title='bbox 1100 717 1103 721; x_wconf 92' lang='lat'>·</span> 
     </span>
     <span class='ocr_line' id='line_1_7' title="bbox 214 778 1150 860; baseline 0.001 -21"><span class='ocrx_word' id='word_1_41' title='bbox 214 778 247 839; x_wconf 90' lang='lat' dir='ltr'><strong>hi</strong></span> <span class='ocrx_word' id='word_1_42' title='bbox 273 789 373 842; x_wconf 85' lang='lat' dir='ltr'><strong>autem</strong></span> <span class='ocrx_word' id='word_1_43' title='bbox 400 779 572 860; x_wconf 78' lang='lat' dir='ltr'><strong>lyssodecti,</strong></span> <span class='ocrx_word' id='word_1_44' title='bbox 600 779 630 840; x_wconf 95' lang='lat' dir='ltr'><strong>id</strong></span> <span class='ocrx_word' id='word_1_45' title='bbox 657 789 705 841; x_wconf 89' lang='lat' dir='ltr'><strong>est</strong></span> <span class='ocrx_word' id='word_1_46' title='bbox 731 781 784 860; x_wconf 88' lang='lat' dir='ltr'><strong>qni</strong></span> <span class='ocrx_word' id='word_1_47' title='bbox 808 778 929 841; x_wconf 89' lang='lat' dir='ltr'><strong>rabidos</strong></span> <span class='ocrx_word' id='word_1_48' title='bbox 951 797 1079 841; x_wconf 85' lang='lat' dir='ltr'><strong>morsus</strong></span> <span class='ocrx_word' id='word_1_49' title='bbox 1103 781 1150 840; x_wconf 91' lang='lat' dir='ltr'><strong>in·</strong></span> 
     </span>
     <span class='ocr_line' id='line_1_8' title="bbox 125 867 1152 950; baseline 0.001 -22"><span class='ocrx_word' id='word_1_50' title='bbox 125 875 301 950; x_wconf 76' lang='lat' dir='ltr'><strong>currerunt,</strong></span> <span class='ocrx_word' id='word_1_51' title='bbox 328 871 356 930; x_wconf 89' lang='lat' dir='ltr'><strong>si</strong></span> <span class='ocrx_word' id='word_1_52' title='bbox 381 869 419 929; x_wconf 81' lang='lat' dir='ltr'><strong>ab</strong></span> <span class='ocrx_word' id='word_1_53' title='bbox 445 871 532 929; x_wconf 92' lang='lat' dir='ltr'><strong>initio</strong></span> <span class='ocrx_word' id='word_1_54' title='bbox 558 868 724 929; x_wconf 76' lang='lat' dir='ltr'><strong>secundm</strong></span> <span class='ocrx_word' id='word_1_55' title='bbox 749 870 896 929; x_wconf 89' lang='lat' dir='ltr'><strong>rationem</strong></span> <span class='ocrx_word' id='word_1_56' title='bbox 922 867 1008 948; x_wconf 85' lang='lat' dir='ltr'><strong>qnod</strong></span> <span class='ocrx_word' id='word_1_57' title='bbox 1037 867 1152 929; x_wconf 74' lang='lat' dir='ltr'><strong>Graeci</strong></span> 
     </span>
     <span class='ocr_line' id='line_1_9' title="bbox 125 955 1151 1037; baseline 0.002 -22"><span class='ocrx_word' id='word_1_58' title='bbox 125 961 190 1016; x_wconf 78' lang='lat' dir='ltr'><strong>cata</strong></span> <span class='ocrx_word' id='word_1_59' title='bbox 212 955 302 1037; x_wconf 70' lang='lat' dir='ltr'><strong>logon</strong></span> <span class='ocrx_word' id='word_1_60' title='bbox 324 955 485 1036; x_wconf 85' lang='lat' dir='ltr'><strong>appellant,</strong></span> <span class='ocrx_word' id='word_1_61' title='bbox 512 957 634 1015; x_wconf 90' lang='lat' dir='ltr'><strong>minime</strong></span> <span class='ocrx_word' id='word_1_62' title='bbox 657 956 769 1016; x_wconf 88' lang='lat' dir='ltr'><strong>inerint</strong></span> <span class='ocrx_word' id='word_1_63' title='bbox 790 957 902 1036; x_wconf 78' lang='lat' dir='ltr'><strong>curati,</strong></span> <span class='ocrx_word' id='word_1_64' title='bbox 926 963 1000 1036; x_wconf 93' lang='lat' dir='ltr'><strong>post</strong></span> <span class='ocrx_word' id='word_1_65' title='bbox 1022 955 1085 1017; x_wconf 83' lang='lat' dir='ltr'><strong>XL·</strong></span> <span class='ocrx_word' id='word_1_66' title='bbox 1102 955 1151 1018; x_wconf 82' lang='lat' dir='ltr'><strong>vel</strong></span> 
     </span>
     <span class='ocr_line' id='line_1_10' title="bbox 125 1040 1187 1124; baseline 0.003 -20"><span class='ocrx_word' id='word_1_67' title='bbox 125 1040 178 1104; x_wconf 81' lang='lat' dir='ltr'><strong>LX</strong></span> <span class='ocrx_word' id='word_1_68' title='bbox 204 1043 269 1106; x_wconf 92' lang='lat' dir='ltr'><strong>dies</strong></span> <span class='ocrx_word' id='word_1_69' title='bbox 296 1042 483 1123; x_wconf 76' lang='lat' dir='ltr'><strong>hydroiohioi</strong></span> <span class='ocrx_word' id='word_1_70' title='bbox 509 1043 694 1124; x_wconf 81' lang='lat' dir='ltr'><strong>efficiuntur,</strong></span> <span class='ocrx_word' id='word_1_71' title='bbox 720 1040 750 1103; x_wconf 94' lang='lat' dir='ltr'><strong>id</strong></span> <span class='ocrx_word' id='word_1_72' title='bbox 777 1051 825 1102; x_wconf 89' lang='lat' dir='ltr'><strong>est</strong></span> <span class='ocrx_word' id='word_1_73' title='bbox 850 1059 958 1122; x_wconf 78' lang='lat' dir='ltr'><strong>aqrram</strong></span> <span class='ocrx_word' id='word_1_74' title='bbox 989 1047 1150 1107; x_wconf 83' lang='lat' dir='ltr'><strong>timentes</strong></span> <span class='ocrx_word' id='word_1_75' title='bbox 1183 1111 1187 1116; x_wconf 69' lang='grc'><em>,</em></span> 
     </span>
     <span class='ocr_line' id='line_1_11' title="bbox 86 1129 1149 1210; baseline 0.004 -19"><span class='ocrx_word' id='word_1_76' title='bbox 86 1139 159 1192; x_wconf 77' lang='lat' dir='ltr'><strong>roet</strong></span> <span class='ocrx_word' id='word_1_77' title='bbox 179 1140 226 1193; x_wconf 90' lang='lat' dir='ltr'><strong>est</strong></span> <span class='ocrx_word' id='word_1_78' title='bbox 247 1132 419 1192; x_wconf 72' lang='lat' dir='ltr'><strong>acutimima</strong></span> <span class='ocrx_word' id='word_1_79' title='bbox 437 1137 468 1191; x_wconf 89' lang='lat' dir='ltr'><strong>et</strong></span> <span class='ocrx_word' id='word_1_80' title='bbox 486 1129 692 1191; x_wconf 89' lang='lat' dir='ltr'><strong>molestissima</strong></span> <span class='ocrx_word' id='word_1_81' title='bbox 713 1132 823 1210; x_wconf 89' lang='lat' dir='ltr'><strong>passio.</strong></span> <span class='ocrx_word' id='word_1_82' title='bbox 858 1137 905 1191; x_wconf 89' lang='lat' dir='ltr'><strong>est</strong></span> <span class='ocrx_word' id='word_1_83' title='bbox 922 1147 1055 1210; x_wconf 87' lang='lat' dir='ltr'><strong>namque</strong></span> <span class='ocrx_word' id='word_1_84' title='bbox 1074 1151 1149 1195; x_wconf 87' lang='lat' dir='ltr'><strong>oan-</strong></span> 
     </span>
     <span class='ocr_line' id='line_1_12' title="bbox 125 1218 1149 1300; baseline 0.003 -21"><span class='ocrx_word' id='word_1_85' title='bbox 125 1220 201 1280; x_wconf 87' lang='lat' dir='ltr'><strong>satio</strong></span> <span class='ocrx_word' id='word_1_86' title='bbox 232 1221 264 1279; x_wconf 91' lang='lat' dir='ltr'><strong>ln</strong></span> <span class='ocrx_word' id='word_1_87' title='bbox 295 1218 449 1280; x_wconf 75' lang='lat' dir='ltr'><strong>stomacho</strong></span> <span class='ocrx_word' id='word_1_88' title='bbox 480 1227 512 1281; x_wconf 90' lang='lat' dir='ltr'><strong>et</strong></span> <span class='ocrx_word' id='word_1_89' title='bbox 541 1218 633 1281; x_wconf 90' lang='lat' dir='ltr'><strong>corde</strong></span> <span class='ocrx_word' id='word_1_90' title='bbox 664 1237 701 1280; x_wconf 82' lang='lat' dir='ltr'><strong>ex</strong></span> <span class='ocrx_word' id='word_1_91' title='bbox 726 1236 843 1280; x_wconf 84' lang='lat' dir='ltr'><strong>veneno</strong></span> <span class='ocrx_word' id='word_1_92' title='bbox 870 1219 954 1281; x_wconf 84' lang='lat' dir='ltr'><strong>cauis</strong></span> <span class='ocrx_word' id='word_1_93' title='bbox 983 1228 1149 1300; x_wconf 83' lang='lat' dir='ltr'><strong>concepta</strong></span> 
     </span>
     <span class='ocr_line' id='line_1_13' title="bbox 124 1305 1156 1386; baseline 0.003 -19"><span class='ocrx_word' id='word_1_94' title='bbox 124 1307 385 1385; x_wconf 84' lang='lat' dir='ltr'><strong>sequitur&#39;antem</strong></span> <span class='ocrx_word' id='word_1_95' title='bbox 412 1310 464 1386; x_wconf 85' lang='lat' dir='ltr'><strong>qui</strong></span> <span class='ocrx_word' id='word_1_96' title='bbox 492 1305 692 1368; x_wconf 72' lang='lat' dir='ltr'><strong>laboraverint</strong></span> <span class='ocrx_word' id='word_1_97' title='bbox 712 1325 749 1368; x_wconf 83' lang='lat' dir='ltr'><strong>ex</strong></span> <span class='ocrx_word' id='word_1_98' title='bbox 771 1325 849 1386; x_wconf 88' lang='lat' dir='ltr'><strong>aqna</strong></span> <span class='ocrx_word' id='word_1_99' title='bbox 868 1313 971 1369; x_wconf 89' lang='lat' dir='ltr'><strong>tumor</strong></span> <span class='ocrx_word' id='word_1_100' title='bbox 991 1307 1156 1370; x_wconf 47' lang='lat' dir='ltr'><strong>stomachi*</strong></span> 
     </span>
     <span class='ocr_line' id='line_1_14' title="bbox 123 1393 1156 1474; baseline 0.002 -18"><span class='ocrx_word' id='word_1_101' title='bbox 123 1400 157 1456; x_wconf 89' lang='lat' dir='ltr'><strong>et</strong></span> <span class='ocrx_word' id='word_1_102' title='bbox 178 1395 293 1457; x_wconf 75' lang='lat' dir='ltr'><strong>cordis:</strong></span> <span class='ocrx_word' id='word_1_103' title='bbox 322 1394 481 1456; x_wconf 78' lang='lat' dir='ltr'><strong>dililcultss</strong></span> <span class='ocrx_word' id='word_1_104' title='bbox 499 1396 588 1456; x_wconf 88' lang='lat' dir='ltr'><strong>etiam</strong></span> <span class='ocrx_word' id='word_1_105' title='bbox 605 1393 813 1456; x_wconf 82' lang='lat' dir='ltr'><strong>transvorandi</strong></span> <span class='ocrx_word' id='word_1_106' title='bbox 832 1403 923 1474; x_wconf 90' lang='lat' dir='ltr'><strong>potus</strong></span> <span class='ocrx_word' id='word_1_107' title='bbox 940 1403 993 1457; x_wconf 85' lang='lat' dir='ltr'><strong>aut</strong></span> <span class='ocrx_word' id='word_1_108' title='bbox 1015 1413 1055 1456; x_wconf 86' lang='lat' dir='ltr'><strong>ex</strong></span> <span class='ocrx_word' id='word_1_109' title='bbox 1077 1403 1156 1458; x_wconf 92' lang='lat' dir='ltr'><strong>toto</strong></span> 
     </span>
     <span class='ocr_line' id='line_1_15' title="bbox 124 1481 1147 1564; baseline 0.002 -20"><span class='ocrx_word' id='word_1_110' title='bbox 124 1485 243 1562; x_wconf 73' lang='lat' dir='ltr'><strong>negatio</strong></span> <span class='ocrx_word' id='word_1_111' title='bbox 270 1484 408 1562; x_wconf 85' lang='lat' dir='ltr'><strong>sequitur</strong></span> <span class='ocrx_word' id='word_1_112' title='bbox 433 1488 465 1543; x_wconf 88' lang='lat' dir='ltr'><strong>et</strong></span> <span class='ocrx_word' id='word_1_113' title='bbox 491 1481 647 1561; x_wconf 74' lang='lat' dir='ltr'><strong>singultus</strong></span> <span class='ocrx_word' id='word_1_114' title='bbox 687 1490 761 1543; x_wconf 88' lang='lat' dir='ltr'><strong>tnnc</strong></span> <span class='ocrx_word' id='word_1_115' title='bbox 788 1483 977 1544; x_wconf 73' lang='lat' dir='ltr'><strong>increscente</strong></span> <span class='ocrx_word' id='word_1_116' title='bbox 997 1485 1147 1564; x_wconf 75' lang='lat' dir='ltr'><strong>passione</strong></span> 
     </span>
     <span class='ocr_line' id='line_1_16' title="bbox 85 1571 1148 1651; baseline 0.004 -20"><span class='ocrx_word' id='word_1_117' title='bbox 85 1583 111 1624; x_wconf 79' lang='lat' dir='ltr'><strong>to</strong></span> <span class='ocrx_word' id='word_1_118' title='bbox 125 1571 184 1650; x_wconf 89' lang='lat' dir='ltr'><strong>ipsi</strong></span> <span class='ocrx_word' id='word_1_119' title='bbox 201 1588 271 1631; x_wconf 87' lang='lat' dir='ltr'><strong>oum</strong></span> <span class='ocrx_word' id='word_1_120' title='bbox 288 1571 420 1631; x_wconf 84' lang='lat' dir='ltr'><strong>insanire</strong></span> <span class='ocrx_word' id='word_1_121' title='bbox 439 1572 606 1651; x_wconf 80' lang='lat' dir='ltr'><strong>coeperint,</strong></span> <span class='ocrx_word' id='word_1_122' title='bbox 628 1587 742 1632; x_wconf 85' lang='lat' dir='ltr'><strong>veneno</strong></span> <span class='ocrx_word' id='word_1_123' title='bbox 759 1572 877 1650; x_wconf 82' lang='lat' dir='ltr'><strong>pervasi</strong></span> <span class='ocrx_word' id='word_1_124' title='bbox 894 1588 997 1632; x_wconf 86' lang='lat' dir='ltr'><strong>vocem</strong></span> <span class='ocrx_word' id='word_1_125' title='bbox 1018 1571 1148 1634; x_wconf 79' lang='lat' dir='ltr'><strong>latratui</strong></span> 
     </span>
     <span class='ocr_line' id='line_1_17' title="bbox 124 1657 1147 1741; baseline 0.002 -21"><span class='ocrx_word' id='word_1_126' title='bbox 124 1675 232 1720; x_wconf 91' lang='lat' dir='ltr'><strong>canum</strong></span> <span class='ocrx_word' id='word_1_127' title='bbox 260 1657 388 1720; x_wconf 84' lang='lat' dir='ltr'><strong>similem</strong></span> <span class='ocrx_word' id='word_1_128' title='bbox 414 1660 555 1720; x_wconf 87' lang='lat' dir='ltr'><strong>emittunt</strong></span> <span class='ocrx_word' id='word_1_129' title='bbox 580 1666 613 1720; x_wconf 93' lang='lat' dir='ltr'><strong>et</strong></span> <span class='ocrx_word' id='word_1_130' title='bbox 637 1661 811 1739; x_wconf 80' lang='lat' dir='ltr'><strong>praesentes</strong></span> <span class='ocrx_word' id='word_1_131' title='bbox 838 1659 977 1721; x_wconf 85' lang='lat' dir='ltr'><strong>mordent</strong></span> <span class='ocrx_word' id='word_1_132' title='bbox 1003 1668 1037 1722; x_wconf 89' lang='lat' dir='ltr'><strong>et</strong></span> <span class='ocrx_word' id='word_1_133' title='bbox 1062 1677 1147 1741; x_wconf 89' lang='lat' dir='ltr'><strong>aqna</strong></span> 
     </span>
     <span class='ocr_line' id='line_1_18' title="bbox 123 1746 1110 1828; baseline 0 -20"><span class='ocrx_word' id='word_1_134' title='bbox 123 1747 239 1828; x_wconf 81' lang='lat' dir='ltr'><strong>periuri</strong></span> <span class='ocrx_word' id='word_1_135' title='bbox 260 1746 432 1810; x_wconf 73' lang='lat' dir='ltr'><strong>vehementi</strong></span> <span class='ocrx_word' id='word_1_136' title='bbox 454 1755 542 1827; x_wconf 83' lang='lat' dir='ltr'><strong>raptu</strong></span> <span class='ocrx_word' id='word_1_137' title='bbox 563 1747 792 1809; x_wconf 85' lang='lat' dir='ltr'><strong>interficiuntur.</strong></span> <span class='ocrx_word' id='word_1_138' title='bbox 1107 1751 1110 1754; x_wconf 81' lang='grc'>’</span> 
     </span>
    </p>
   </div>
   <div class='ocr_carea' id='block_1_3' title="bbox 292 1856 968 1984">
    <p class='ocr_par' dir='ltr' id='par_1_3' title="bbox 292 1856 968 1984">
     <span class='ocr_line' id='line_1_19' title="bbox 292 1856 968 1984; baseline 0 -18"><span class='ocrx_word' id='word_1_139' title='bbox 292 1903 419 1966; x_wconf 69' lang='lat' dir='ltr'><strong>lxliii</strong></span> <span class='ocrx_word' id='word_1_140' title='bbox 455 1903 504 1964; x_wconf 75' lang='lat' dir='ltr'><strong>id</strong></span> <span class='ocrx_word' id='word_1_141' title='bbox 520 1863 781 1984; x_wconf 30' lang='lat' dir='ltr'><strong>‘phalangionis</strong></span> <span class='ocrx_word' id='word_1_142' title='bbox 803 1856 968 1967; x_wconf 82' lang='lat' dir='ltr'><strong>morsum.</strong></span> 
     </span>
    </p>
   </div>
   <div class='ocr_carea' id='block_1_4' title="bbox 214 2026 1143 2109">
    <p class='ocr_par' dir='ltr' id='par_1_4' title="bbox 214 2026 1143 2109">
     <span class='ocr_line' id='line_1_20' title="bbox 214 2026 1143 2109; baseline 0 -18"><span class='ocrx_word' id='word_1_143' title='bbox 214 2028 341 2109; x_wconf 84' lang='lat' dir='ltr'><strong>Caponis</strong></span> <span class='ocrx_word' id='word_1_144' title='bbox 364 2026 524 2089; x_wconf 89' lang='lat' dir='ltr'><strong>cerebrum</strong></span> <span class='ocrx_word' id='word_1_145' title='bbox 546 2045 614 2088; x_wconf 87' lang='lat' dir='ltr'><strong>curn</strong></span> <span class='ocrx_word' id='word_1_146' title='bbox 641 2029 743 2107; x_wconf 87' lang='lat' dir='ltr'><strong>pipere</strong></span> <span class='ocrx_word' id='word_1_147' title='bbox 765 2027 883 2091; x_wconf 87' lang='lat' dir='ltr'><strong>modico</strong></span> <span class='ocrx_word' id='word_1_148' title='bbox 905 2036 937 2091; x_wconf 85' lang='lat' dir='ltr'><strong>ct</strong></span> <span class='ocrx_word' id='word_1_149' title='bbox 958 2036 1046 2090; x_wconf 90' lang='lat' dir='ltr'><strong>rutae</strong></span> <span class='ocrx_word' id='word_1_150' title='bbox 1069 2028 1143 2091; x_wconf 89' lang='lat' dir='ltr'><strong>hor·</strong></span> 
     </span>
    </p>
   </div>
   <div class='ocr_carea' id='block_1_5' title="bbox 122 2213 1143 2960">
    <p class='ocr_par' dir='ltr' id='par_1_5' title="bbox 122 2213 1143 2960">
     <span class='ocr_line' id='line_1_21' title="bbox 143 2213 1142 2292; baseline -0.009 -20"><span class='ocrx_word' id='word_1_151' title='bbox 143 2252 145 2257; x_wconf 86' lang='lat'><em>.</em></span> <span class='ocrx_word' id='word_1_152' title='bbox 196 2215 391 2286; x_wconf 81' lang='lat' dir='ltr'><strong>1a(d)misoes</strong></span> <span class='ocrx_word' id='word_1_153' title='bbox 408 2217 475 2284; x_wconf 70' lang='grc' dir='ltr'><strong>θ(1))·</strong></span> <span class='ocrx_word' id='word_1_154' title='bbox 564 2213 718 2284; x_wconf 82' lang='lat' dir='ltr'><strong>ampullam</strong></span> <span class='ocrx_word' id='word_1_155' title='bbox 732 2231 762 2284; x_wconf 78' lang='lat' dir='ltr'><strong>p.</strong></span> <span class='ocrx_word' id='word_1_156' title='bbox 900 2214 938 2228; x_wconf 81' lang='grc'><strong>’“</strong></span> <span class='ocrx_word' id='word_1_157' title='bbox 970 2230 1012 2285; x_wconf 74' lang='lat' dir='ltr'><strong>cp,</strong></span> <span class='ocrx_word' id='word_1_158' title='bbox 1079 2233 1142 2292; x_wconf 73' lang='lat' dir='ltr'><strong>¹pp</strong></span> 
     </span>
     <span class='ocr_line' id='line_1_22' title="bbox 123 2283 1142 2411; baseline -0.004 -65"><span class='ocrx_word' id='word_1_159' title='bbox 123 2291 153 2346; x_wconf 75' lang='lat' dir='ltr'>fi</span> <span class='ocrx_word' id='word_1_160' title='bbox 169 2294 235 2359; x_wconf 86' lang='lat' dir='ltr'><strong>pois</strong></span> <span class='ocrx_word' id='word_1_161' title='bbox 253 2304 280 2356; x_wconf 85' lang='lat' dir='ltr'><strong>e,</strong></span> <span class='ocrx_word' id='word_1_162' title='bbox 303 2303 343 2360; x_wconf 88' lang='lat' dir='ltr'><strong>pp</strong></span> <span class='ocrx_word' id='word_1_163' title='bbox 364 2287 430 2340; x_wconf 85' lang='lat' dir='ltr'><strong>uitii</strong></span> <span class='ocrx_word' id='word_1_164' title='bbox 451 2286 564 2354; x_wconf 78' lang='lat' dir='ltr'><strong>poldem</strong></span> <span class='ocrx_word' id='word_1_165' title='bbox 583 2301 606 2354; x_wconf 79' lang='lat' dir='ltr'><strong>p</strong></span> <span class='ocrx_word' id='word_1_166' title='bbox 630 2285 672 2354; x_wconf 81' lang='lat' dir='ltr'><strong>(io</strong></span> <span class='ocrx_word' id='word_1_167' title='bbox 687 2302 774 2356; x_wconf 78' lang='lat' dir='ltr'><strong>morp.</strong></span> <span class='ocrx_word' id='word_1_168' title='bbox 789 2291 824 2368; x_wconf 59' lang='grc' dir='ltr'><strong>ρο</strong></span> <span class='ocrx_word' id='word_1_169' title='bbox 846 2291 859 2341; x_wconf 88' lang='lat' dir='ltr'><strong>i</strong></span> <span class='ocrx_word' id='word_1_170' title='bbox 876 2283 895 2341; x_wconf 75' lang='lat' dir='ltr'><strong>d</strong></span> <span class='ocrx_word' id='word_1_171' title='bbox 924 2301 936 2357; x_wconf 69' lang='lat'>3</span> <span class='ocrx_word' id='word_1_172' title='bbox 953 2301 993 2411; x_wconf 49' lang='lat' dir='ltr'><strong>pp</strong></span> <span class='ocrx_word' id='word_1_173' title='bbox 1011 2285 1073 2342; x_wconf 82' lang='lat' dir='ltr'><strong>riui</strong></span> <span class='ocrx_word' id='word_1_174' title='bbox 1090 2302 1142 2357; x_wconf 76' lang='lat' dir='ltr'><strong>po</strong></span> 
     </span>
     <span class='ocr_line' id='line_1_23' title="bbox 122 2354 1141 2440; baseline -0.003 -24"><span class='ocrx_word' id='word_1_175' title='bbox 122 2359 226 2426; x_wconf 82' lang='lat' dir='ltr'><strong>tionis).</strong></span> <span class='ocrx_word' id='word_1_176' title='bbox 299 2357 454 2425; x_wconf 70' lang='lat' dir='ltr'><strong>icocl’rp‚</strong></span> <span class='ocrx_word' id='word_1_177' title='bbox 468 2354 538 2410; x_wconf 84' lang='lat' dir='ltr'><strong>oool&#39;</strong></span> <span class='ocrx_word' id='word_1_178' title='bbox 551 2372 574 2409; x_wconf 85' lang='lat' dir='ltr'><strong>c.</strong></span> <span class='ocrx_word' id='word_1_179' title='bbox 646 2355 822 2425; x_wconf 77' lang='lat' dir='ltr'><strong>tlsnperabas</strong></span> <span class='ocrx_word' id='word_1_180' title='bbox 831 2372 862 2440; x_wconf 69' lang='lat' dir='ltr'><strong>p.</strong></span> <span class='ocrx_word' id='word_1_181' title='bbox 929 2361 968 2412; x_wconf 83' lang='lat' dir='ltr'><strong>in</strong></span> <span class='ocrx_word' id='word_1_182' title='bbox 987 2358 1103 2412; x_wconf 77' lang='lat' dir='ltr'><strong>ureolm</strong></span> <span class='ocrx_word' id='word_1_183' title='bbox 1117 2373 1141 2414; x_wconf 87' lang='lat' dir='ltr'><strong>c.</strong></span> 
     </span>
     <span class='ocr_line' id='line_1_24' title="bbox 122 2424 1142 2499; baseline -0.005 -12"><span class='ocrx_word' id='word_1_184' title='bbox 122 2429 248 2487; x_wconf 65' lang='lat' dir='ltr'><strong>sciolos</strong></span> <span class='ocrx_word' id='word_1_185' title='bbox 267 2445 294 2497; x_wconf 84' lang='lat' dir='ltr'><strong>c,</strong></span> <span class='ocrx_word' id='word_1_186' title='bbox 312 2427 424 2499; x_wconf 76' lang='lat' dir='ltr'><strong>quietos</strong></span> <span class='ocrx_word' id='word_1_187' title='bbox 462 2467 469 2480; x_wconf 89' lang='lat'><strong>.</strong></span> <span class='ocrx_word' id='word_1_188' title='bbox 555 2424 620 2480; x_wconf 81' lang='lat' dir='ltr'><strong>din</strong></span> <span class='ocrx_word' id='word_1_189' title='bbox 636 2424 764 2495; x_wconf 78' lang='lat' dir='ltr'><strong>potione:</strong></span> <span class='ocrx_word' id='word_1_190' title='bbox 781 2428 927 2496; x_wconf 78' lang='lat' dir='ltr'><strong>poisouem</strong></span> <span class='ocrx_word' id='word_1_191' title='bbox 944 2442 987 2496; x_wconf 73' lang='lat' dir='ltr'><strong>op.</strong></span> <span class='ocrx_word' id='word_1_192' title='bbox 1061 2426 1142 2482; x_wconf 79' lang='lat' dir='ltr'><strong>onii</strong></span> 
     </span>
     <span class='ocr_line' id='line_1_25' title="bbox 123 2496 1141 2568; baseline -0.007 -8"><span class='ocrx_word' id='word_1_193' title='bbox 123 2506 161 2560; x_wconf 79' lang='lat' dir='ltr'><strong>ad</strong></span> <span class='ocrx_word' id='word_1_194' title='bbox 178 2500 311 2557; x_wconf 81' lang='lat' dir='ltr'><strong>lisodenti</strong></span> <span class='ocrx_word' id='word_1_195' title='bbox 327 2515 355 2566; x_wconf 87' lang='lat' dir='ltr'><strong>c,</strong></span> <span class='ocrx_word' id='word_1_196' title='bbox 380 2497 419 2552; x_wconf 84' lang='lat' dir='ltr'><strong>hi’</strong></span> <span class='ocrx_word' id='word_1_197' title='bbox 452 2496 594 2565; x_wconf 79' lang='lat' dir='ltr'><strong>&#39;eoderap</strong></span> <span class='ocrx_word' id='word_1_198' title='bbox 610 2497 753 2568; x_wconf 74' lang='lat' dir='ltr'><strong>(iomorp.</strong></span> <span class='ocrx_word' id='word_1_199' title='bbox 771 2496 814 2551; x_wconf 86' lang='lat' dir='ltr'><strong>hii</strong></span> <span class='ocrx_word' id='word_1_200' title='bbox 827 2502 864 2552; x_wconf 76' lang='lat' dir='ltr'><strong>su</strong></span> <span class='ocrx_word' id='word_1_201' title='bbox 877 2497 992 2553; x_wconf 79' lang='lat' dir='ltr'><strong>iisodeti</strong></span> <span class='ocrx_word' id='word_1_202' title='bbox 1000 2501 1058 2567; x_wconf 60' lang='grc' dir='ltr'><strong>ρο).</strong></span> <span class='ocrx_word' id='word_1_203' title='bbox 1124 2504 1141 2553; x_wconf 83' lang='lat'><strong>‘1</strong></span> 
     </span>
     <span class='ocr_line' id='line_1_26' title="bbox 142 2558 1141 2672; baseline -0.006 -26"><span class='ocrx_word' id='word_1_204' title='bbox 142 2590 212 2646; x_wconf 69' lang='lat' dir='ltr'><strong>node</strong></span> <span class='ocrx_word' id='word_1_205' title='bbox 243 2594 313 2644; x_wconf 84' lang='lat' dir='ltr'><strong>&#39;nam</strong></span> <span class='ocrx_word' id='word_1_206' title='bbox 321 2604 354 2672; x_wconf 72' lang='lat' dir='ltr'><strong>p,</strong></span> <span class='ocrx_word' id='word_1_207' title='bbox 388 2558 473 2655; x_wconf 65' lang='lat' dir='ltr'><strong>uim)</strong></span> <span class='ocrx_word' id='word_1_208' title='bbox 487 2600 510 2642; x_wconf 87' lang='lat' dir='ltr'><strong>c.</strong></span> <span class='ocrx_word' id='word_1_209' title='bbox 580 2584 800 2655; x_wconf 71' lang='lat' dir='ltr'><strong>imialogonp,</strong></span> <span class='ocrx_word' id='word_1_210' title='bbox 815 2583 1006 2655; x_wconf 72' lang='lat' dir='ltr'><strong>catalogimc.</strong></span> <span class='ocrx_word' id='word_1_211' title='bbox 1074 2583 1141 2656; x_wconf 73' lang='lat' dir='ltr'><strong>tlp&#39;</strong></span> 
     </span>
     <span class='ocr_line' id='line_1_27' title="bbox 122 2604 1140 2740; baseline -0.006 -22"><span class='ocrx_word' id='word_1_212' title='bbox 122 2609 182 2719; x_wconf 50' lang='lat' dir='ltr'><strong>liu.</strong></span> <span class='ocrx_word' id='word_1_213' title='bbox 200 2607 355 2728; x_wconf 44' lang='lat' dir='ltr'><strong>illamve)</strong></span> <span class='ocrx_word' id='word_1_214' title='bbox 368 2604 430 2713; x_wconf 56' lang='lat' dir='ltr'><strong>lies</strong></span> <span class='ocrx_word' id='word_1_215' title='bbox 443 2673 468 2724; x_wconf 88' lang='lat' dir='ltr'><strong>c,</strong></span> <span class='ocrx_word' id='word_1_216' title='bbox 485 2656 551 2726; x_wconf 82' lang='lat' dir='ltr'><strong>post</strong></span> <span class='ocrx_word' id='word_1_217' title='bbox 567 2653 762 2724; x_wconf 69' lang='lat' dir='ltr'><strong>quadragesim</strong></span> <span class='ocrx_word' id='word_1_218' title='bbox 781 2654 828 2711; x_wconf 85' lang='lat' dir='ltr'><strong>rel</strong></span> <span class='ocrx_word' id='word_1_219' title='bbox 841 2654 998 2740; x_wconf 59' lang='lat' dir='ltr'><strong>sexagesino</strong></span> <span class='ocrx_word' id='word_1_220' title='bbox 1014 2655 1093 2711; x_wconf 91' lang='lat' dir='ltr'><strong>diem</strong></span> <span class='ocrx_word' id='word_1_221' title='bbox 1106 2672 1140 2726; x_wconf 79' lang='lat' dir='ltr'><strong>p.</strong></span> 
     </span>
     <span class='ocr_line' id='line_1_28' title="bbox 122 2724 1142 2803; baseline -0.007 -14"><span class='ocrx_word' id='word_1_222' title='bbox 122 2730 315 2803; x_wconf 75' lang='lat' dir='ltr'><strong>sydrofonioi</strong></span> <span class='ocrx_word' id='word_1_223' title='bbox 332 2746 356 2787; x_wconf 88' lang='lat' dir='ltr'><strong>c.</strong></span> <span class='ocrx_word' id='word_1_224' title='bbox 455 2732 488 2781; x_wconf 89' lang='lat'><strong>10</strong></span> <span class='ocrx_word' id='word_1_225' title='bbox 507 2725 625 2782; x_wconf 80' lang='lat' dir='ltr'><strong>molesta</strong></span> <span class='ocrx_word' id='word_1_226' title='bbox 638 2742 669 2794; x_wconf 86' lang='lat' dir='ltr'><strong>p.</strong></span> <span class='ocrx_word' id='word_1_227' title='bbox 761 2724 799 2779; x_wconf 77' lang='lat' dir='ltr'><strong>nt</strong></span> <span class='ocrx_word' id='word_1_228' title='bbox 817 2731 898 2798; x_wconf 56' lang='lat' dir='ltr'><strong>snas</strong></span> <span class='ocrx_word' id='word_1_229' title='bbox 917 2729 981 2782; x_wconf 70' lang='lat' dir='ltr'><strong>caio</strong></span> <span class='ocrx_word' id='word_1_230' title='bbox 995 2742 1032 2797; x_wconf 84' lang='lat' dir='ltr'><strong>p,</strong></span> <span class='ocrx_word' id='word_1_231' title='bbox 1056 2731 1142 2797; x_wconf 68' lang='lat' dir='ltr'><strong>eqni</strong></span> 
     </span>
     <span class='ocr_line' id='line_1_29' title="bbox 122 2805 1143 2884; baseline -0.006 -6"><span class='ocrx_word' id='word_1_232' title='bbox 122 2822 240 2878; x_wconf 77' lang='lat' dir='ltr'><strong>oauaacd</strong></span> <span class='ocrx_word' id='word_1_233' title='bbox 259 2834 282 2874; x_wconf 88' lang='lat' dir='ltr'><strong>e.</strong></span> <span class='ocrx_word' id='word_1_234' title='bbox 356 2822 389 2871; x_wconf 93' lang='grc'><strong>11</strong></span> <span class='ocrx_word' id='word_1_235' title='bbox 411 2831 457 2870; x_wconf 83' lang='lat' dir='ltr'><strong>ex:</strong></span> <span class='ocrx_word' id='word_1_236' title='bbox 476 2817 695 2884; x_wconf 81' lang='lat' dir='ltr'><strong>ete‚etexp.</strong></span> <span class='ocrx_word' id='word_1_237' title='bbox 769 2818 801 2867; x_wconf 79' lang='lat'><strong>12</strong></span> <span class='ocrx_word' id='word_1_238' title='bbox 821 2830 886 2870; x_wconf 78' lang='lat' dir='ltr'><strong>sa</strong></span> <span class='ocrx_word' id='word_1_239' title='bbox 905 2805 1067 2870; x_wconf 61' lang='lat' dir='ltr'><strong>loboraffit</strong></span> <span class='ocrx_word' id='word_1_240' title='bbox 1088 2815 1143 2884; x_wconf 79' lang='lat' dir='ltr'><strong>(aie</strong></span> 
     </span>
     <span class='ocr_line' id='line_1_30' title="bbox 122 2883 1141 2960; baseline -0.005 -13"><span class='ocrx_word' id='word_1_241' title='bbox 122 2888 261 2960; x_wconf 82' lang='lat' dir='ltr'><strong>-rerint)</strong></span> <span class='ocrx_word' id='word_1_242' title='bbox 284 2905 318 2945; x_wconf 88' lang='lat' dir='ltr'><strong>ex</strong></span> <span class='ocrx_word' id='word_1_243' title='bbox 342 2903 417 2958; x_wconf 81' lang='lat' dir='ltr'><strong>aqna</strong></span> <span class='ocrx_word' id='word_1_244' title='bbox 438 2901 500 2940; x_wconf 89' lang='lat' dir='ltr'><strong>mor</strong></span> <span class='ocrx_word' id='word_1_245' title='bbox 521 2885 636 2940; x_wconf 77' lang='lat' dir='ltr'><strong>stodoho</strong></span> <span class='ocrx_word' id='word_1_246' title='bbox 659 2885 689 2939; x_wconf 83' lang='lat' dir='ltr'><strong>ei</strong></span> <span class='ocrx_word' id='word_1_247' title='bbox 709 2883 792 2941; x_wconf 89' lang='lat' dir='ltr'><strong>cordo</strong></span> <span class='ocrx_word' id='word_1_248' title='bbox 810 2900 825 2940; x_wconf 88' lang='lat' dir='ltr'><strong>c</strong></span> <span class='ocrx_word' id='word_1_249' title='bbox 843 2885 956 2952; x_wconf 79' lang='lat' dir='ltr'><strong>(addidi</strong></span> <span class='ocrx_word' id='word_1_250' title='bbox 972 2884 1046 2955; x_wconf 85' lang='lat' dir='ltr'><strong>qni)=</strong></span> <span class='ocrx_word' id='word_1_251' title='bbox 1071 2903 1094 2942; x_wconf 92' lang='lat' dir='ltr'><strong>s.</strong></span> <span class='ocrx_word' id='word_1_252' title='bbox 1114 2903 1141 2942; x_wconf 87' lang='lat' dir='ltr'><strong>a.</strong></span> 
     </span>
    </p>
   </div>
   <div class='ocr_carea' id='block_1_6' title="bbox 121 2953 1140 3100">
    <p class='ocr_par' dir='ltr' id='par_1_6' title="bbox 121 2953 1140 3100">
     <span class='ocr_line' id='line_1_31' title="bbox 121 2953 1140 3026; baseline -0.009 -6"><span class='ocrx_word' id='word_1_253' title='bbox 121 2962 284 3020; x_wconf 80' lang='lat' dir='ltr'><strong>laborantes</strong></span> <span class='ocrx_word' id='word_1_254' title='bbox 302 2960 397 3014; x_wconf 80' lang='lat' dir='ltr'><strong>tumor</strong></span> <span class='ocrx_word' id='word_1_255' title='bbox 414 2954 553 3011; x_wconf 73' lang='lat' dir='ltr'><strong>stomachi</strong></span> <span class='ocrx_word' id='word_1_256' title='bbox 570 2956 600 3009; x_wconf 84' lang='lat' dir='ltr'><strong>ei</strong></span> <span class='ocrx_word' id='word_1_257' title='bbox 617 2954 707 3010; x_wconf 86' lang='lat' dir='ltr'><strong>cordis</strong></span> <span class='ocrx_word' id='word_1_258' title='bbox 720 2972 752 3025; x_wconf 82' lang='lat' dir='ltr'><strong>p.</strong></span> <span class='ocrx_word' id='word_1_259' title='bbox 857 2960 890 3010; x_wconf 75' lang='grc'><strong>13</strong></span> <span class='ocrx_word' id='word_1_260' title='bbox 909 2953 996 3011; x_wconf 82' lang='lat' dir='ltr'><strong>etism</strong></span> <span class='ocrx_word' id='word_1_261' title='bbox 1009 2973 1047 3026; x_wconf 80' lang='lat' dir='ltr'><strong>p:</strong></span> <span class='ocrx_word' id='word_1_262' title='bbox 1066 2957 1098 3011; x_wconf 83' lang='lat' dir='ltr'><strong>ei</strong></span> <span class='ocrx_word' id='word_1_263' title='bbox 1116 2972 1140 3012; x_wconf 87' lang='lat' dir='ltr'><strong>c.</strong></span> 
     </span>
     <span class='ocr_line' id='line_1_32' title="bbox 121 3025 1140 3100; baseline -0.009 -10"><span class='ocrx_word' id='word_1_264' title='bbox 121 3034 220 3090; x_wconf 83' lang='lat' dir='ltr'><strong>ant-</strong></span> <span class='ocrx_word' id='word_1_265' title='bbox 235 3029 375 3100; x_wconf 74' lang='lat' dir='ltr'><strong>singultus</strong></span> <span class='ocrx_word' id='word_1_266' title='bbox 392 3043 443 3082; x_wconf 85' lang='lat' dir='ltr'><strong>om.</strong></span> <span class='ocrx_word' id='word_1_267' title='bbox 462 3041 485 3080; x_wconf 87' lang='lat' dir='ltr'><strong>c.</strong></span> <span class='ocrx_word' id='word_1_268' title='bbox 568 3031 600 3080; x_wconf 85' lang='grc'><strong>16</strong></span> <span class='ocrx_word' id='word_1_269' title='bbox 619 3025 750 3080; x_wconf 83' lang='lat' dir='ltr'><strong>mordnni</strong></span> <span class='ocrx_word' id='word_1_270' title='bbox 761 3041 794 3095; x_wconf 84' lang='lat' dir='ltr'><strong>p.</strong></span> <span class='ocrx_word' id='word_1_271' title='bbox 879 3031 912 3081; x_wconf 79' lang='lat'><strong>17</strong></span> <span class='ocrx_word' id='word_1_272' title='bbox 932 3028 1033 3096; x_wconf 82' lang='lat' dir='ltr'><strong>„raptu</strong></span> <span class='ocrx_word' id='word_1_273' title='bbox 1050 3026 1140 3082; x_wconf 84' lang='lat' dir='ltr'><strong>inter-</strong></span> 
     </span>
    </p>
   </div>
   <div class='ocr_carea' id='block_1_7' title="bbox 121 3094 1141 3246">
    <p class='ocr_par' dir='ltr' id='par_1_7' title="bbox 121 3094 1141 3246">
     <span class='ocr_line' id='line_1_33' title="bbox 121 3094 1141 3168; baseline -0.014 -6"><span class='ocrx_word' id='word_1_274' title='bbox 121 3103 273 3162; x_wconf 68' lang='lat' dir='ltr'><strong>ficiuntur‘</strong></span> <span class='ocrx_word' id='word_1_275' title='bbox 296 3099 511 3168; x_wconf 60' lang='grc'>(1111233.</span> <span class='ocrx_word' id='word_1_276' title='bbox 620 3100 652 3150; x_wconf 81' lang='lat'><strong>18</strong></span> <span class='ocrx_word' id='word_1_277' title='bbox 675 3094 719 3150; x_wconf 83' lang='lat' dir='ltr'><strong>Ad</strong></span> <span class='ocrx_word' id='word_1_278' title='bbox 745 3095 937 3166; x_wconf 78' lang='lat' dir='ltr'><strong>spalangionis</strong></span> <span class='ocrx_word' id='word_1_279' title='bbox 956 3095 1141 3168; x_wconf 77' lang='lat' dir='ltr'><strong>(falungionis</strong></span> 
     </span>
     <span class='ocr_line' id='line_1_34' title="bbox 122 3166 1139 3246; baseline -0.007 -17"><span class='ocrx_word' id='word_1_280' title='bbox 122 3175 181 3234; x_wconf 63' lang='lat' dir='ltr'><strong>uad.</strong></span> <span class='ocrx_word' id='word_1_281' title='bbox 196 3176 231 3246; x_wconf 79' lang='lat' dir='ltr'><strong>p)</strong></span> <span class='ocrx_word' id='word_1_282' title='bbox 254 3187 378 3226; x_wconf 88' lang='lat' dir='ltr'><strong>morsum</strong></span> <span class='ocrx_word' id='word_1_283' title='bbox 402 3183 417 3224; x_wconf 91' lang='lat' dir='ltr'><strong>c</strong></span> <span class='ocrx_word' id='word_1_284' title='bbox 440 3171 467 3222; x_wconf 81' lang='lat' dir='ltr'><strong>et</strong></span> <span class='ocrx_word' id='word_1_285' title='bbox 483 3167 542 3222; x_wconf 80' lang='lat' dir='ltr'><strong>ind.</strong></span> <span class='ocrx_word' id='word_1_286' title='bbox 557 3183 579 3236; x_wconf 79' lang='lat' dir='ltr'><strong>p</strong></span> <span class='ocrx_word' id='word_1_287' title='bbox 597 3168 639 3236; x_wconf 75' lang='lat' dir='ltr'><strong>(in</strong></span> <span class='ocrx_word' id='word_1_288' title='bbox 651 3184 675 3237; x_wconf 83' lang='lat' dir='ltr'><strong>p</strong></span> <span class='ocrx_word' id='word_1_289' title='bbox 688 3182 743 3236; x_wconf 83' lang='lat' dir='ltr'><strong>pro</strong></span> <span class='ocrx_word' id='word_1_290' title='bbox 764 3166 879 3222; x_wconf 67' lang='lat' dir='ltr'><strong>rubrica</strong></span> <span class='ocrx_word' id='word_1_291' title='bbox 895 3167 996 3237; x_wconf 74' lang='lat' dir='ltr'><strong>lepiter</strong></span> <span class='ocrx_word' id='word_1_292' title='bbox 1012 3167 1139 3223; x_wconf 73' lang='lat' dir='ltr'><strong>Modica·</strong></span> 
     </span>
    </p>
   </div>
   <div class='ocr_carea' id='block_1_8' title="bbox 121 3243 1140 3347">
    <p class='ocr_par' dir='ltr' id='par_1_8' title="bbox 121 3243 1140 3347">
     <span class='ocr_line' id='line_1_35' title="bbox 121 3243 1140 3347; baseline -0.002 -17"><span class='ocrx_word' id='word_1_293' title='bbox 121 3282 249 3340; x_wconf 70' lang='lat' dir='ltr'><strong>menium</strong></span> <span class='ocrx_word' id='word_1_294' title='bbox 266 3279 312 3347; x_wconf 66' lang='lat' dir='ltr'><strong>ip).</strong></span> <span class='ocrx_word' id='word_1_295' title='bbox 421 3278 455 3328; x_wconf 85' lang='grc'><strong>19</strong></span> <span class='ocrx_word' id='word_1_296' title='bbox 475 3243 571 3342; x_wconf 50' lang='grc' dir='ltr'><strong>Ατροὶε</strong></span> <span class='ocrx_word' id='word_1_297' title='bbox 584 3290 608 3343; x_wconf 83' lang='lat' dir='ltr'><strong>p</strong></span> <span class='ocrx_word' id='word_1_298' title='bbox 626 3272 662 3341; x_wconf 74' lang='lat' dir='ltr'><strong>(A</strong></span> <span class='ocrx_word' id='word_1_299' title='bbox 679 3273 770 3338; x_wconf 68' lang='lat' dir='ltr'><strong>rubr„</strong></span> <span class='ocrx_word' id='word_1_300' title='bbox 791 3273 838 3326; x_wconf 85' lang='lat' dir='ltr'><strong>sed</strong></span> <span class='ocrx_word' id='word_1_301' title='bbox 858 3273 891 3326; x_wconf 81' lang='lat' dir='ltr'><strong>io</strong></span> <span class='ocrx_word' id='word_1_302' title='bbox 907 3289 994 3343; x_wconf 73' lang='lat' dir='ltr'><strong>scorp.</strong></span> <span class='ocrx_word' id='word_1_303' title='bbox 1009 3288 1066 3343; x_wconf 86' lang='lat' dir='ltr'><strong>pro</strong></span> <span class='ocrx_word' id='word_1_304' title='bbox 1084 3273 1140 3329; x_wconf 74' lang='lat' dir='ltr'><strong>litt.</strong></span> 
     </span>
    </p>
   </div>
   <div class='ocr_carea' id='block_1_9' title="bbox 120 3343 1141 3507">
    <p class='ocr_par' dir='ltr' id='par_1_9' title="bbox 120 3343 1141 3507">
     <span class='ocr_line' id='line_1_36' title="bbox 120 3343 1141 3437; baseline -0.022 -9"><span class='ocrx_word' id='word_1_305' title='bbox 120 3368 231 3428; x_wconf 69' lang='lat' dir='ltr'><strong>rorent</strong></span> <span class='ocrx_word' id='word_1_306' title='bbox 252 3363 456 3437; x_wconf 64' lang='lat' dir='ltr'><strong>pmcsoour</strong></span> <span class='ocrx_word' id='word_1_307' title='bbox 474 3355 500 3430; x_wconf 72' lang='lat' dir='ltr'><strong>s)</strong></span> <span class='ocrx_word' id='word_1_308' title='bbox 524 3343 656 3430; x_wconf 65' lang='lat' dir='ltr'><strong>Coponio</strong></span> <span class='ocrx_word' id='word_1_309' title='bbox 678 3376 693 3415; x_wconf 74' lang='lat' dir='ltr'><strong>e</strong></span> <span class='ocrx_word' id='word_1_310' title='bbox 715 3360 762 3429; x_wconf 72' lang='lat' dir='ltr'><strong>(ef.</strong></span> <span class='ocrx_word' id='word_1_311' title='bbox 787 3360 864 3415; x_wconf 68' lang='lat' dir='ltr'><strong>erro.</strong></span> <span class='ocrx_word' id='word_1_312' title='bbox 888 3366 937 3426; x_wconf 80' lang='lat' dir='ltr'><strong>so.</strong></span> <span class='ocrx_word' id='word_1_313' title='bbox 960 3365 995 3416; x_wconf 84' lang='lat' dir='ltr'><strong>os</strong></span> <span class='ocrx_word' id='word_1_314' title='bbox 1017 3361 1052 3417; x_wconf 72' lang='lat' dir='ltr'><strong>o</strong></span> <span class='ocrx_word' id='word_1_315' title='bbox 1078 3362 1141 3434; x_wconf 62' lang='grc' dir='ltr'><strong>ραι.</strong></span> 
     </span>
     <span class='ocr_line' id='line_1_37' title="bbox 121 3429 1090 3507; baseline -0.021 -6"><span class='ocrx_word' id='word_1_316' title='bbox 121 3443 290 3501; x_wconf 77' lang='lat' dir='ltr'><strong>lr&#39;nooeorum</strong></span> <span class='ocrx_word' id='word_1_317' title='bbox 308 3434 435 3502; x_wconf 64' lang='lat' dir='ltr'><strong>cosdro).</strong></span> <span class='ocrx_word' id='word_1_318' title='bbox 517 3433 581 3486; x_wconf 81' lang='lat' dir='ltr'><strong>ruis</strong></span> <span class='ocrx_word' id='word_1_319' title='bbox 599 3429 734 3507; x_wconf 79' lang='lat' dir='ltr'><strong>oriiccp‚</strong></span> <span class='ocrx_word' id='word_1_320' title='bbox 752 3432 815 3486; x_wconf 81' lang='lat' dir='ltr'><strong>rute</strong></span> <span class='ocrx_word' id='word_1_321' title='bbox 834 3433 897 3501; x_wconf 86' lang='lat' dir='ltr'><strong>(om.</strong></span> <span class='ocrx_word' id='word_1_322' title='bbox 915 3431 978 3500; x_wconf 75' lang='lat' dir='ltr'><strong>ort)</strong></span> <span class='ocrx_word' id='word_1_323' title='bbox 997 3446 1020 3488; x_wconf 83' lang='lat' dir='ltr'><strong>e.</strong></span> <span class='ocrx_word' id='word_1_324' title='bbox 1088 3439 1090 3442; x_wconf 84' lang='lat'>·</span> 
     </span>
    </p>
   </div>
   <div class='ocr_carea' id='block_1_10' title="bbox 0 0 1260 3908">
    <p class='ocr_par' dir='ltr' id='par_1_10' title="bbox 0 0 1260 3908">
     <span class='ocr_line' id='line_1_38' title="bbox 0 0 1260 3908; baseline 0 2"><span class='ocrx_word' id='word_1_325' title='bbox 0 0 1260 3908; x_wconf 95' lang='lat' dir='ltr'><strong> </strong></span> 
     </span>
    </p>
   </div>
  </div>
 </body>
</html>
