2512 3908
496 229 732 294 —181-

104 371 235 454 pellatur
257 371 393 434 similiter
414 391 553 454 appones.
590 375 750 435 nodmimo
772 392 845 435 vero
875 375 901 435 si
924 372 1022 452 aliqua
1045 374 1123 435 forte

104 459 320 543 remanserint,
342 461 389 524 dia
407 463 538 544 thapsias
562 463 639 524 sieut
660 464 692 523 in
715 462 885 524 ischiadicis
908 463 1013 525 uteris.

382 621 506 683 LXXVI.
542 622 592 682 td
614 621 843 701 hydropicos.

194 743 250 808 Est
271 755 372 808 autem
399 745 560 826 hydropica
586 748 683 826 passio
711 745 831 807 diffusio
857 745 995 806 humoris
1018 750 1124 824 aquosi

105 853 176 896 cum
206 834 359 895 inflatione
386 833 550 895 secundum
577 836 776 895 retentionem
804 836 929 914 spiritus
960 835 1055 896 isdem
1083 834 1150 894 lava

102 921 281 984 horantihus
318 922 429 982 effecta.
484 928 515 982 et
550 929 621 982 sunt
658 921 816 982 distantiae
852 924 1001 1002 passionis
1036 922 1124 1003 duae,

104 1027 232 1090 quarum
262 1027 320 1070 una
346 1027 363 1070 a
389 1009 540 1072 veteribus
566 1011 674 1071 ascitos
702 1012 888 1092 nominatur,
913 1009 945 1071 id
974 1018 1021 1072 est
1048 1014 1122 1073 utri-

104 1097 221 1180 oulosa,
252 1095 290 1158 ab
321 1098 415 1179 epatis
446 1099 493 1159 vel
525 1099 635 1179 splenis
668 1108 719 1160 aut
753 1100 900 1160 stomachi
931 1098 979 1160 vel
1014 1116 1123 1160 renum

104 1187 248 1248 saxietate
271 1197 378 1249 creata.
413 1186 505 1249 altera
526 1204 596 1247 vero
619 1205 695 1265 quae
718 1189 898 1267 tympanites
922 1187 1123 1268 appellatura

102 1274 245 1355 pulmone
274 1277 431 1355 contingit,
460 1293 496 1336 ex
524 1293 583 1353 quo
610 1275 751 1354 pulmone
774 1274 832 1337 suh
854 1277 970 1355 ingenti
992 1278 1164 1337 ventosi-10

103 1371 166 1426 tate
184 1371 289 1426 venter
306 1364 427 1426 inflatus
445 1363 626 1446 ostenditur,
647 1365 689 1424 ita
707 1373 741 1425 ut
760 1382 829 1425 cum
850 1363 943 1425 fuerit
960 1365 1122 1445 inspicien-

102 1455 143 1515 tis
170 1452 268 1533 palma
289 1452 438 1536 pulsatus,
466 1454 598 1534 tympani
620 1455 751 1514 sonitum
778 1452 880 1534 iaciat,
908 1446 989 1514 unde
1012 1470 1123 1514 nomen

103 1548 139 1603 ut
156 1557 248 1621 snpra
266 1540 327 1602 dixi
344 1544 443 1622 passio
462 1541 639 1623 tympanites
658 1543 782 1621 accepit
819 1540 873 1602 sed
891 1540 972 1602 illam
994 1543 1122 1621 primam

103 1646 194 1709 quam
227 1630 340 1690 asciten
371 1629 500 1692 diximus
527 1629 601 1690 haec
628 1632 711 1709 signa
739 1638 894 1692 secuntur.
940 1631 1122 1691 insurrectio

101 1719 216 1779 ventris
240 1717 463 1798 superdistensa
484 1724 515 1779 et
539 1713 672 1798 (super)
694 1721 819 1798 inguina
842 1727 873 1779 et
899 1737 1002 1799 crura,
1024 1718 1122 1780 albida
1136 1733 1163 1773 1⁵

103 1806 243 1869 cilicium.
285 1824 360 1886 quae
387 1805 499 1868 inflatio
527 1824 597 1868 cum
623 1806 723 1886 digitis
752 1805 845 1868 inerit
871 1807 1018 1887 impressa
1050 1825 1121 1868 con·

102 1895 237 1957 caritatis
267 1894 392 1957 formam
414 1894 556 1977 ostendit,
582 1895 663 1975 quod
686 1894 793 1957 Graeci
819 1897 973 1976 entyposis
1005 1903 1121 1957 vocant.

102 1991 221 2045 ceterae
252 2001 324 2045 vero
357 1986 561 2065 superpositae
596 1993 696 2064 partes
728 1985 823 2045 macie
856 1992 1025 2045 attenuatae
1058 1984 1121 2044 elii·

102 2073 239 2154 ciuntur,
265 2082 300 2134 ut
322 2072 428 2134 thorax
449 2081 556 2152 pectus
579 2071 707 2132 brachia.
750 2074 840 2134 etiam
863 2080 895 2133 et
915 2081 1006 2152 potus
1029 2073 1121 2132 nimia

101 2161 246 2241 appetitio
274 2163 410 2240 sequitur
437 2177 507 2222 cnm
534 2162 700 2222 retentione
728 2158 879 2240 humoris,
911 2178 948 2221 ex
981 2178 1040 2239 qua
1072 2177 1119 2221 re·
1134 2176 1162 2217 ao

101 2250 237 2310 tentione
269 2249 378 2311 humor
411 2251 490 2310 intra
521 2250 615 2328 spatia
646 2250 759 2309 ventris
791 2247 927 2309 inclusus
964 2247 1122 2329 semipleni

176 2407 191 2455 1
211 2400 360 2458 novissime
379 2417 402 2457 c.
508 2400 603 2471 alique
621 2400 693 2457 forte
712 2417 739 2469 c,
760 2400 833 2458 forte
853 2401 950 2472 aliqua
961 2419 994 2472 p.
1103 2407 1120 2456 2

101 2471 201 2543 diupta
218 2472 282 2544 poia
299 2489 322 2528 c.
393 2471 516 2527 sciaticis
530 2489 565 2542 p,
584 2477 654 2527 -cia
673 2473 753 2540 σαί.
772 2490 794 2528 c.
809 2477 869 2543 52).
943 2473 1023 2527 aad
1035 2471 1119 2542 ydro-

99 2542 181 2613 picus
198 2558 215 2599 c
230 2545 302 2611 (ind.
317 2546 367 2614 p),
391 2541 434 2599 De
451 2542 585 2615 ydropica
601 2541 732 2613 passione
745 2560 779 2667 pl.
886 2550 905 2598 4
922 2543 1060 2613 ydropica
1077 2560 1120 2612 op.

100 2613 249 2670 hhisdem
266 2630 300 2686 cp
318 2613 367 2682 (os.
385 2629 409 2670 ο.
428 2616 486 2682 76).
590 2613 678 2669 aduc
691 2631 729 2683 p,
781 2630 830 2670 .c.
934 2616 1078 2669 iaaortes
1096 2629 1121 2684 c,

101 2682 211 2780 sefflica
224 2718 255 2775 p.
363 2702 515 2758 articulosa
537 2719 559 2758 c.
667 2701 843 2756 tisaxietate
861 2718 898 2772 p,
921 2700 1079 2757 sanxietate
1097 2717 1121 2760 o.

100 2771 338 2845 ti(y‚c)mpanites
352 2789 393 2844 cp.
466 2779 499 2829 11
513 2775 623 2828 venter:
640 2771 719 2827 venti
728 2789 760 2842 p,
778 2771 859 2828 tenui
873 2789 896 2828 c.
968 2772 1120 2842 inspicien-

100 2847 146 2901 tes
165 2859 180 2900 c
197 2849 305 2928 etanta
321 2859 391 2900 corr.
405 2860 437 2914 p.
524 2850 556 2899 12
573 2843 753 2926 timpanipp.
806 2842 1070 2928 ¹uouitumofnciat
1082 2860 1119 2914 p:

101 2916 442 3069 tittttidttpt
458 2915 1120 3068 elidiatlffffldltidiltllittil

101 3060 215 3127 accepit
228 3072 250 3114 c.
315 3062 347 3111 ta
361 3057 443 3112 ullum
456 3058 577 3126 primum
591 3072 674 3124 quem
683 3073 713 3126 p.
780 3061 814 3110 14
829 3057 937 3111 ascutcn
946 3071 978 3125 p,
993 3057 1082 3111 aautos
1096 3072 1119 3111 e.

101 3129 257 3212 sequuntur
275 3143 316 3198 cp.
387 3126 617 3183 insurrectionem
634 3142 657 3181 o.
731 3131 763 3180 1⁶
784 3142 868 3196 super
885 3125 1013 3181 distensa
1030 3129 1062 3181 et
1077 3126 1119 3182 iu·

100 3215 220 3271 guinum
237 3199 334 3269 (-nia)
351 3199 382 3254 et
399 3215 480 3254 crura
497 3197 594 3254 nlhida
611 3198 691 3266 (-de
710 3199 735 3280 o)
753 3196 914 3252 efficiuntur
932 3213 975 3266 op.
1084 3203 1117 3252 li

101 3268 239 3340 antiposis
262 3286 289 3340 c,
312 3269 425 3339 aupohs
437 3286 469 3339 p.
579 3273 611 3324 18
628 3268 730 3323 maciei
753 3268 892 3324 tenuitate
911 3267 1073 3323 afficiuntur
1085 3285 1118 3338 p.

102 3346 137 3396 19
155 3343 189 3395 ut
206 3354 234 3395 cz
252 3344 326 3410 etp.
398 3342 428 3395 et
444 3339 560 3396 brachia
570 3357 601 3410 p.
674 3338 761 3394 etiam
774 3355 825 3397 om.
840 3355 863 3394 e.
937 3344 1025 3393 2001
1043 3354 1118 3408 aqua

100 3411 222 3468 redico&
239 3410 331 3466 fumor
348 3409 401 3466 t'ra
419 3427 506 3482 spana
523 3413 629 3467 vetram
648 3409 745 3481 pulsus
764 3429 786 3465 s.
800 3429 826 3467 v.
842 3426 870 3482 o,
889 3409 938 3479 qui
958 3408 1118 3465 retentione

100 3481 177 3538 intra
195 3480 290 3554 spatia
306 3482 410 3537 ventiis
427 3481 551 3537 inclusus
569 3500 589 3537 s.
608 3499 634 3537 v.
648 3498 680 3551 p.
