2512 3908
508 149 751 213 -136-

124 293 235 360 doloris
262 298 382 358 maioris
409 293 506 371 digiti,
533 292 623 352 nullis
650 293 901 396 praecedentibus
929 303 1049 383 causis,
1078 320 1148 364 cum

125 385 234 448 rubore
257 387 335 446 circa
359 378 553 440 articulorum
575 379 687 461 locum,
713 388 745 441 et
771 383 866 458 magis
888 395 1046 449 nocturno
1071 400 1145 452 tem·

124 490 205 552 pore
247 474 433 532 increscente
461 484 531 528 nero
559 469 695 548 passione
722 465 886 546 plurimum
913 476 1039 536 articuli
1062 497 1143 539 com·

124 561 278 638 patiuntur
300 568 331 619 et
353 556 437 637 digiti
460 558 649 618 invertuntur
666 563 697 618 et
719 557 892 617 durescunt.
930 568 1145 626 veterescente

96 652 222 707 oarrtem
250 649 401 728 passione,
427 644 570 707 diuturno
597 645 708 707 doloris
733 653 870 725 tempore
896 647 990 707 etiarn
1014 659 1046 710 et
1076 654 1144 730 pon'

124 744 300 817 nascuntur,
333 755 369 798 66
400 735 510 815 quibus
540 741 728 815 aegrotantes
758 732 871 814 lapides
899 733 1016 796 similes
1048 756 1143 817 gypso

124 821 271 886 ernittuut
326 835 357 887 et
392 832 497 904 torpor
536 823 656 902 quidam
691 824 872 884 accessionis
908 830 1049 904 tempore
1088 844 1163 906 per,

125 909 256 974 66666166
278 912 460 993 patientibus
482 911 632 972 discurrit
662 910 819 989 aliquando
841 913 975 990 rigorem
995 915 1144 996 sentiunt,

124 996 279 1078 aliquando
294 1001 431 1062 calorem.
463 1008 494 1058 et
511 1004 583 1058 sunt
599 999 693 1077 ipsius
706 997 855 1076 podagrae
872 999 1032 1063 distantiae
1053 1002 1142 1083 duae,

84 1101 111 1142 1⁰
124 1096 171 1149 est
198 1091 276 1152 enlm
303 1088 410 1167 frigida
437 1096 468 1147 et
495 1084 597 1146 calida.
636 1087 766 1166 cognitio
792 1092 894 1146 autem
921 1087 1043 1150 illarum
1073 1090 1145 1152 talis

125 1183 179 1237 est.
215 1178 246 1237 in
265 1175 398 1237 calidiori
421 1175 520 1236 lerror
542 1173 733 1236 incendiosus
749 1191 820 1236 cum
837 1172 1010 1235 vehementi
1032 1176 1142 1241 dolore

124 1264 268 1344 sentitur,
291 1271 451 1344 apparente
474 1261 641 1324 rubicundo
662 1270 789 1324 tumore.
827 1263 861 1322 in
887 1261 1037 1340 frigidiori
1069 1284 1143 1328 vero

124 1348 235 1412 inllatlo
259 1351 412 1414 sarbalbida
434 1351 572 1412 allicitur.
606 1358 801 1429 utrarumque
821 1357 923 1410 autem
941 1353 1058 1412 sanatio
1082 1349 1157 1414 ista'

124 1445 183 1519 est,
211 1441 241 1501 lu
264 1440 396 1502 calidiori
419 1439 635 1518 refrigeratira,
660 1440 693 1499 in
719 1437 868 1517 frigidiori
893 1437 1087 1502 calefactoria
1111 1451 1144 1504 et

85 1541 111 1583 66
125 1528 278 1608 alectoria,
314 1545 402 1606 quam
434 1525 539 1587 Graeci
570 1524 772 1588 diaioretioam
804 1534 918 1607 vocant
968 1535 1000 1588 et
1036 1528 1144 1591 differt

126 1613 301 1695 podagricus
328 1614 365 1676 ab
392 1614 561 1695 arthritico,
587 1616 656 1694 quia
681 1613 835 1695 podagrici
860 1616 891 1675 in
918 1631 1010 1676 crure
1037 1617 1142 1679 solum

125 1705 324 1765 carisationem
347 1702 472 1785 habent,
493 1701 640 1765 arthritici
656 1711 756 1765 autem
778 1705 811 1764 in
828 1701 968 1763 omnibus
990 1705 1140 1768 articulis.

212 1794 243 1852 in
266 1791 469 1853 curationibus
487 1799 587 1852 autem
604 1789 641 1852 ad
663 1789 786 1853 calidam
807 1789 969 1871 podagram
989 1793 1142 1856 mustelae

125 1881 298 1958 sanguinem
325 1896 393 1940 cum
421 1878 598 1958 plantaginis
623 1897 697 1941 suco
723 1881 803 1941 iuter
829 1880 894 1958 ipsa
920 1879 1006 1939 initia
1028 1880 1140 1945 illines.

86 1983 112 2022 ao
213 1966 300 2028 aliud.
337 1967 487 2029 coriandri
509 1965 577 2028 iolia
599 1975 651 2029 aut
670 1968 831 2047 iusquiami
853 1965 922 2027 iolia
940 1975 993 2028 aut
1016 1968 1140 2031 coliculi

125 2054 206 2137 lolia,
230 2075 289 2117 nou
312 2065 468 2136 praesente
490 2057 671 2138 insoniam,
698 2063 780 2117 teres
807 2054 966 2134 diligenter
989 2063 1021 2116 et
1042 2075 1142 2138 super

125 2145 225 2206 mittes
248 2144 377 2206 medium
398 2146 484 2224 panis
502 2143 606 2206 mundi
627 2143 733 2225 irigida
750 2152 782 2206 et
799 2151 907 2223 aquata
923 2160 1016 2222 posca
1033 2146 1140 2229 inlusi,

195 2321 211 2368 2
230 2314 328 2369 robore
347 2331 388 2385 cp
478 2314 553 2370 66666
576 2313 670 2369 locum
687 2315 785 2396 arip
875 2312 981 2368 itiner.
1003 2314 1138 2383 passione

125 2385 287 2468 veroplmc
359 2385 581 2467 ipationturc
669 2362 902 2440 6666666666
989 2390 1058 2440 ico
1112 2385 1139 2440 ri

144 2455 278 2522 uideme,
296 2453 343 2514 666
365 2455 480 2525 quidam
600 2457 670 2510 266
691 2458 808 2510 66661-
827 2455 885 2525 1(6)
901 2456 1056 2510 vocant=

158 2455 1136 2610 116366.66666660616166661666666666666

124 2599 179 2652 6166
198 2605 215 2652 6
222 2600 301 2666 ,.01)
375 2604 407 2652 11
427 2529 618 2668 6616ᾱί66666,
635 2601 930 2676 -611666666666
1003 2595 1137 2679 1affigi

124 2667 196 2723 diori
210 2675 245 2792 pu
263 2672 352 2732 l—ou
365 2686 401 2739 p,
424 2684 509 2724 -ora
526 2668 561 2738 6).
667 2683 786 2722 rero—
805 2666 864 2736 (14)
880 2663 1093 2736 frigidiorionc
1111 2685 1135 2726 6

127 2745 159 2793 16
178 2737 311 2794 66616666
325 2756 356 2808 p.
431 2746 464 2794 16
481 2734 799 2808 cinnomannico:
816 2752 948 2808 osup.
981 2737 1137 2795 6661666666

124 2844 147 2894 6,
166 2817 301 2909 (11666166
318 2828 559 2967 (-ioratu)p.pod
583 2832 617 2882 16
630 2824 785 2909 66666666,
803 2824 1136 2896 decimequinto.

124 2899 256 2966 quoniam
279 2901 347 2967 (qm)
365 2916 396 2968 p
503 2896 630 3022 podffi
650 2895 749 2952 666666
769 2895 862 2951 solnm
885 2895 974 2951 habet
999 2899 1135 2954 6666661666

124 2971 218 3023 autam
236 2988 251 3026 c
267 2970 317 3037 (od
341 2985 397 3024 6666
414 2969 451 3035 cs.
470 2968 533 3025 661.
603 2967 655 3034 Ι,Ι
667 2965 889 3094 3361166
911 2982 980 3022 cura
1001 2971 1135 3050 (166666,

124 3040 207 3094 1666
221 3045 254 3111 p)
272 3057 313 3110 cp
400 3045 432 3094 11
451 3037 632 3095 artritieiia'e
761 3036 991 3107 languidam:
1010 3037 1135 3095 66666666

125 3113 248 3178 affimat
270 3112 362 3166 Dicae.
382 3128 413 3180 p.
431 3116 486 3167 179
508 3111 561 3191 (66
790 3107 978 3175 XI1,362).
1013 3109 1049 3163 de
1068 3126 1136 3166 666-

123 3184 207 3252 quisae
222 3182 354 3236 cliterD
369 3182 386 3236 1.
402 3198 424 3235 6.
504 3178 561 3234 20
587 3177 694 3248 niacp.
765 3147 951 3247 contudrip=
967 3178 1133 3237 6666616666.

123 3252 193 3307 folia
206 3259 270 3323 poet
286 3252 315 3306 iu
317 3251 436 3321 sqniami
453 3268 504 3306 oar.
522 3266 546 3306 e
634 3247 947 3318 molismensi
961 3251 1094 3332 presenti
1110 3268 1134 3307 6.

125 3329 159 3377 12
177 3323 273 3377 mundi
291 3340 342 3380 666.
360 3339 382 3378 6.
491 3320 595 3392 frigida
612 3323 643 3376 et
657 3328 763 3389 666666
779 3336 913 3391 pusca
884 3335 900 3374 6
933 3319 1039 3390 frigida
1056 3323 1113 3376 e'o
1104 3339 1134 3377 m

125 3409 201 3465 aqua
217 3410 303 3464 posca
317 3411 347 3462 p.
