2512 3908
534 138 733 202 ..2-

216 335 237 394 1.
278 335 326 395 Ad
360 332 499 393 tardum
532 335 606 394 sive
642 325 885 396 inveteratum
918 339 1052 416 capitis
1086 336 1145 397 do·

127 421 238 484 iorem
267 439 368 500 quem
397 420 525 482 Graeci
552 420 778 500 ceplralaeam
805 420 1004 504 appellant,
1036 433 1072 486 et
1104 424 1145 485 ad

128 513 206 571 eius
219 510 428 570 medietatis
443 527 545 588 quem
560 511 782 570 emicranion
796 517 938 589 vocant,
958 520 992 571 et
1011 512 1052 573 ad
1067 530 1144 573 ver·

127 600 308 677 tiginosos
337 616 426 676 quos
454 598 665 678 ilingiontas
688 596 886 679 appellant,
915 597 1012 658 etad
1044 609 1144 660 tene·

100 685 251 747 sbrosos
276 704 364 765 qnos
388 690 646 748 scotomaticos
669 687 804 749 dicunt.

214 810 357 870 Universa
385 810 458 870 haec
481 812 512 869 in
536 811 632 889 capite
655 810 835 871 efficiuntur.
872 818 903 870 et
922 817 968 871 est
986 808 1145 889 cephalaea
1185 834 1189 842 ·

126 917 162 958 ex
181 899 262 956 omni
280 906 364 975 parto
389 899 493 974 capitis
517 898 680 957 inveterata
702 899 814 976 passio,
837 915 912 975 quas
931 898 1038 959 Graeci
1057 897 1143 959 chro-

126 986 189 1045 nias
222 984 363 1044 diathesis
395 991 514 1063 vocant,
545 983 591 1043 vel
624 985 716 1044 totius
743 982 934 1046 membranae
967 1003 1043 1063 quae
1076 1003 1144 1046 ossa

125 1075 229 1152 capitis
252 1071 381 1151 desuper
404 1072 607 1133 circumvestit
634 1073 823 1152 superposita
846 1071 964 1133 ossibus
988 1072 1143 1153 subposita

85 1181 111 1221 so
125 1163 199 1241 cuti,
236 1168 267 1221 et
304 1160 468 1240 appellatur
504 1178 521 1221 a
562 1159 682 1221 Graecis
707 1161 920 1242 ‘pericraui0s‚
961 1168 1013 1221 aut
1047 1163 1143 1240 ipsius

124 1247 313 1310 membranae
337 1251 442 1330 partis,
470 1267 558 1328 quam
585 1256 729 1310 consuete
757 1251 940 1311 emicranion
964 1248 1077 1310 dicum.
1116 1251 1143 1309 si

124 1357 194 1399 vero
218 1356 288 1400 cum
311 1355 460 1399 consensu
483 1337 617 1398 radicum
640 1336 796 1398 oculorum
822 1334 984 1398 bulborum
1006 1339 1141 1416 ipsorum

125 1427 215 1487 iucrit
237 1426 334 1505 dolor,
357 1426 537 1487 manifestim
558 1427 591 1485 in
614 1422 739 1485 cerebro
761 1424 828 1486 ficri
850 1424 1028 1485 ostenditur.

213 1514 358 1591 contingit
390 1512 577 1590 frequentius
611 1530 648 1572 ex
678 1513 874 1591 perfrictione
906 1521 958 1572 aut
991 1513 1140 1574 contrario

84 1621 109 1660 m
124 1600 278 1662 adustione
303 1608 354 1659 aut
376 1598 536 1661 vinolentia
558 1608 610 1662 aut
630 1618 777 1680 percussu
799 1609 852 1662 aut
875 1603 1053 1662 ventositate
1073 1618 1140 1661 cau·

123 1692 198 1750 satio
236 1689 426 1749 nervositatis
457 1687 645 1750 membranae
681 1688 871 1769 perieranion
907 1706 1000 1768 snpra
1036 1688 1139 1750 dictae.

123 1776 199 1838 solet
221 1779 309 1838 etiam
334 1785 364 1836 et
391 1778 543 1838 austrinus
566 1795 618 1838 aer
640 1778 765 1838 iniurias
787 1779 893 1857 capitis
916 1779 1048 1858 nutrire,
1072 1793 1140 1838 cnm

195 1965 277 2019 iAd
300 1980 351 2019 oon.
370 1980 407 2032 p,
428 1965 479 2032 poi
500 1964 683 2020 imminutioni
700 1965 798 2034 posuit
821 1963 874 2020 tica
916 1963 1026 2019 Tardus
1045 2007 1052 2020 .
1072 2007 1079 2021 .
1098 1964 1139 2018 in·

14 2080 18 2087 .
121 2036 283 2090 retemtas.
300 2076 306 2088 .
321 2033 422 2089 dolor.
438 2074 444 2086 .
460 2076 466 2088 .
482 2036 513 2088 et
530 2034 590 2090 eius
605 2052 643 2089 m.
661 2050 727 2104 pars
746 2037 841 2106 (pes).
857 2074 864 2089 .
882 2036 913 2090 et
930 2033 1003 2089 verti
1025 2034 1032 2047 ⁹
1053 2034 1137 2090 osi..

122 2109 151 2161 ot
179 2105 329 2161 tenebrosi.
374 2107 406 2159 in
428 2106 542 2160 rubrica
568 2105 613 2158 Ad
637 2103 801 2174 csphslesm
819 2121 871 2174 pc,
893 2105 936 2160 De
960 2119 1011 2174 cep
1061 2121 1137 2175 esp.

122 2183 137 2231 3
148 2175 308 2231 medietatis
321 2179 432 2245 partem
447 2177 523 2245 (pars
531 2178 566 2245 9)
583 2191 668 2245 quam
678 2191 731 2246 ppo
743 2176 805 2245 (ubi
812 2174 973 2231 medietatis
983 2200 1018 2222 ==
1028 2174 1138 2231 mediae

121 2247 222 2317 partis,
240 2249 314 2303 9969
331 2248 404 2316 qood
421 2248 502 2301 maisi
518 2247 648 2316 portem).
719 2245 890 2303 emictanion
908 2262 937 2314 c,
963 2245 1138 2317 emigranion

120 2335 165 2388 99.
215 2319 250 2386 cs.
271 2319 343 2374 Coei.
361 2317 434 2372 Aur.
447 2334 479 2387 p.
496 2322 554 2374 269
573 2316 619 2386 (de
638 2316 914 2388 emigrsnsodolors
932 2316 1013 2373 Alex.
1030 2318 1064 2387 I,
1083 2319 1138 2386 46).

121 2389 309 2445 dilicnuntas
322 2405 353 2459 9,
373 2387 426 2460 (ili
441 2388 506 2444 add.
525 2388 561 2443 al.
574 2387 632 2461 m.)
647 2389 652 2458 Ι
667 2388 782 2458 muratus
795 2404 827 2457 p,
844 2386 994 2457 illigantes
1012 2403 1034 2443 c.
1121 2391 1137 2442 6

121 2459 249 2514 dixerunt
263 2477 285 2516 c.
358 2458 581 2528 tcephslsaost
593 2460 692 2528 aspro)
707 2474 768 2529 999.
841 2464 959 2527 aquas:
979 2474 1064 2528 qnam
1077 2473 1137 2528 ppc.

122 2531 230 2586 cronius
248 2530 369 2586 diathesi
383 2548 414 2599 p.
505 2527 629 2585 stotius
646 2545 697 2585 cm.
712 2545 744 2612 p.
833 2528 1063 2584 ttcircumvestit
1080 2545 1096 2584 c
1113 2534 1138 2584 ot

120 2601 234 2668 (circum
248 2603 321 2656 inter
334 2603 383 2656 lin.
393 2601 470 2668 add.)
482 2606 514 2671 9ο
526 2599 630 2670 (Simia
646 2601 735 2655 vestit
745 2615 791 2682 pp.
863 2599 1041 2670 superposite
1052 2600 1138 2655 vesti·

121 2672 179 2726 bus.
199 2673 306 2728 ossibus
315 2672 394 2742 subp.
405 2670 464 2727 cuti
472 2672 567 2740 (sic)c.
626 2669 1038 2754 superpomta(itenon)cutip.
1104 2675 1136 2725 10

120 2743 293 2812 appellatur:
312 2743 415 2798 dicitur
432 2759 455 2797 c.
526 2741 705 2814 perigrsmon
717 2756 752 2811 9ο
768 2739 957 2810 (perieranion
964 2758 997 2811 p,
1028 2735 1137 2809 ὁπερι·

120 2811 235 2881 κράνιος
248 2809 325 2884 ὑμήν
341 2813 417 2882 Gai.)
489 2813 662 2882 lipartispa
679 2826 746 2882 pm
757 2826 799 2881 99.
872 2811 1136 2881 96911196.Μο-

120 2886 193 2951 nem)
207 2901 256 2953 pp:
272 2884 348 2952 qnod
361 2901 383 2939 c.
448 2886 592 2939 consuete:
606 2883 741 2939 consueto
754 2880 867 2937 nomine
882 2881 959 2938 61.
970 2899 1001 2952 p.
1014 2887 1073 2938 269
1088 2883 1135 2952 (cf.

119 2957 152 3010 de
165 2957 272 3010 devotier.
287 2954 409 3020 09919,
423 2959 499 3020 693).
569 2951 747 3024 cmigrnnion
757 2951 1027 3023 99,οωὶ919111019.
1102 2958 1136 3008 11

58 3087 62 3095 Ι
121 3043 184 3081 cum
198 3043 280 3081 sensu
293 3042 315 3080 c.
387 3025 437 3079 aut
451 3025 490 3094 (at)
503 3023 652 3082 bulborum
661 3040 692 3093 p.
758 3023 916 3090 drusus.
930 3023 993 3079 Gai.
1008 3028 1057 3090 12,
1071 3028 1135 3079 563.

122 3103 153 3151 13
176 3096 352 3151 manifestius
370 3113 406 3165 p,
430 3098 511 3150 —tus
529 3111 552 3150 c.
649 3102 684 3150 14
707 3092 854 3164 Contingit
875 3094 971 3150 eutem
993 3095 1033 3162 (Ε)
1055 3093 1090 3148 fr.
1104 3111 1135 3164 p.

119 3167 297 3237 perfrictione
312 3169 384 3235 (cacos
397 3167 555 3222 correctoria
562 3172 594 3237 9ο
602 3167 638 3238 91.
647 3165 740 3223 interi.
751 3163 868 3248 ffigorsp
876 3180 922 3234 pc:
936 3164 1135 3235 perfricationo

118 3240 197 3304 (vitio
216 3239 292 3307 opud
309 3238 469 3292 socordiores
485 3238 608 3306 solcum)
622 3254 652 3307 p.
744 3237 886 3291 eanum
902 3250 926 3290 c.
1019 3239 1054 3290 16
1071 3251 1134 3304 per·

120 3327 200 3363 cnssn
218 3326 265 3379 pc.-
283 3325 448 3377 percussura
462 3325 493 3377 p.
563 3306 740 3363 ventositatis
758 3305 930 3362 causatione.
954 3304 1133 3361 nemositatis

118 3397 177 3448 ppo.
250 3386 283 3433 16
302 3379 480 3449 perigranion
497 3395 516 3447 9
534 3377 695 3448 (-cranion
708 3393 740 3446 p,
762 3375 912 3431 -ctnnion
930 3378 963 3445 c).
