2512 3908
495 279 540 336 Ν-
590 241 652 307 ior
702 277 741 288 -

107 392 187 448 tinae
220 386 323 447 uiridis
357 386 436 448 soliis
469 406 594 449 numero
626 386 653 448 x
685 406 754 449 cum
768 421 771 427 ·
786 407 878 468 posca
909 388 1030 468 potione
1068 408 1127 450 rina

107 479 217 536 ieiunis
236 483 332 536 totum
350 479 436 556 potui
455 477 547 538 dabis.
583 476 641 537 hoc
665 475 873 557 pertriduum
896 478 1001 558 iacieS,
1025 486 1054 538 et
1077 496 1126 537 ex·

107 566 259 625 trinsecus
278 563 315 626 ab
338 567 424 625 initio
448 568 512 645 ipsa
529 565 603 625 hora
622 582 680 643 qua
699 582 818 624 morsus
841 565 933 626 inerit
952 569 1049 644 primo
1072 569 1126 627 im·

106 668 200 730 pones
228 652 353 715 herbam
381 670 470 730 quam
498 652 603 713 dicunt
628 653 833 713 zaccarionem
856 655 899 712 sio
925 655 1072 731 integram
1094 657 1125 716 in
1159 669 1164 678 ’

105 739 172 802 loco
199 742 253 803 ubi
282 743 373 802 luerit
401 758 534 817 morsus,
562 748 593 802 ot
619 759 689 803 cum
712 741 842 802 arelacta
865 741 969 823 luerit,
999 740 1150 803 alterumn

105 829 211 891 solium
238 829 332 889 viride
361 829 501 891 mutabis.
545 830 602 891 hoc
628 848 685 910 por
711 829 847 891 triduum
875 831 965 890 iacies
996 831 1127 911 cottidie,

105 927 230 979 etcum
254 935 286 977 se
310 916 397 978 ulcus
421 917 595 998 ostenderit,
617 916 766 979 avellanae
788 917 911 998 pulpam
934 927 1071 980 conteres
1095 929 1126 980 et

104 1024 238 1086 appones
262 1005 421 1085 aliquantis
445 1005 572 1067 diebus„
599 1013 670 1087 post
698 1005 772 1067 haec
795 1023 927 1086 appones
950 1007 1125 1085 cataplasma

104 1094 142 1154 de
170 1094 295 1174 polline>
309 1093 415 1155 hordei
438 1102 470 1156 et
493 1113 565 1156 suco
588 1112 674 1156 urae
690 1094 819 1174 lupinae.
862 1111 974 1173 coques
997 1094 1125 1156 cundem

103 1201 213 1243 sucum
237 1185 390 1244 sincerum
413 1183 623 1249 etinductum
642 1200 775 1263 appones
798 1201 895 1262 qnam
910 1182 962 1244 diu
985 1201 1017 1244 se
1041 1202 1125 1245 scara
1139 1200 1165 1239 lo

102 1270 197 1353 levet,
220 1272 250 1333 id
274 1279 321 1332 est
339 1278 455 1353 crusta,
477 1278 509 1332 et
532 1288 600 1333 cum
620 1289 652 1332 se
676 1270 818 1333 levaverit
841 1270 892 1333 tali
910 1270 1124 1333 medicamento

103 1360 136 1419 in
160 1361 332 1421 cicatricem
357 1359 497 1442 induces,
519 1360 555 1421 ld
577 1368 625 1421 est
647 1358 760 1441 adipes.
773 1360 942 1441 anserinae,
968 1359 1125 1439 coagulum

103 1451 278 1530 caprinum,
306 1449 424 1509 radices
448 1448 554 1510 cerdae
584 1466 660 1529 quae
683 1448 790 1509 latiora
812 1448 881 1510 lolia
904 1448 1035 1509 ostendit
1057 1456 1125 1510 ruta

103 1537 249 1618 silvestri,
278 1546 308 1598 et
336 1537 435 1598 oleum
464 1535 609 1598 stellionis
634 1538 666 1596 iu
697 1554 758 1617 quo
780 1539 865 1599 virus
888 1537 979 1598 luerit
1002 1545 1124 1598 necatus

101 1635 134 1684 et
161 1627 193 1685 in
218 1624 346 1704 ampulla
373 1628 404 1685 in
429 1623 492 1686 sole
515 1632 546 1686 et
567 1624 649 1686 aura'
663 1619 827 1686 caniculari
854 1632 988 1704 tompore
1019 1625 1124 1686 diebus
1138 1641 1165 1682 ιι

102 1731 230 1774 numero
258 1712 310 1772 XL
338 1714 431 1774 luerit
457 1731 630 1794 suspensus.
671 1715 776 1794 aequis
802 1711 986 1794 ponderibus
1014 1713 1123 1775 tundes

101 1803 133 1860 in
158 1820 191 1862 se
215 1804 313 1862 omnia
337 1810 368 1862 et
395 1819 527 1882 appones
549 1799 586 1862 ad
613 1800 714 1863 locum
741 1802 876 1863 tamdiu
900 1820 989 1881 quam
1011 1801 1062 1863 diu
1085 1801 1122 1862 ad

100 1890 272 1968 perlectum
290 1898 423 1951 sanetur.
458 1891 574 1952 interea
591 1892 690 1971 ipsum
710 1891 875 1970 patientem
893 1889 1065 1951 admonebis
1083 1909 1121 1952 ne

100 1978 180 2039 sorte
208 1981 383 2058 ignoranter
409 1981 442 2039 in
465 1977 532 2040 cibo
554 1978 700 2040 avellanas
722 1980 857 2060 accipiat.
899 1980 997 2040 sicuti.
1010 1981 1121 2040 extrin-

101 2084 191 2128 secus
218 2069 251 2128 in
279 2076 348 2128 cute
377 2067 492 2128 morsui
524 2068 658 2148 apposita
683 2066 818 2155 ,arpllana
844 2084 993 2154 renonum
1020 2066 1056 2128 ad
1089 2085 1121 2128 sc
1135 2085 1163 2126 ao

176 2290 304 2345 tloliis.
327 2291 398 2347 lolia
418 2307 460 2361 ep.
524 2290 697 2361 potionem
717 2290 788 2348 ‚lc
884 2292 969 2346 ttot
991 2291 1121 2362 potuip·

100 2380 174 2448 potii
191 2380 316 2450 potuie
393 2379 485 2450 aipn
504 2396 552 2436 oro
570 2397 628 2449 qno
644 2369 805 2434 midinis.
813 2387 842 2446 e,
862 2377 951 2448 ipsius
975 2397 1032 2449 qua
1049 2396 1123 2436 mor-

100 2449 179 2505 ditus
198 2452 217 2505 i.
232 2468 263 2521 Ρ.
355 2452 466 2520 ῑΡοιι(ιιι
480 2450 530 2519 otia
548 2467 590 2521 cp.
680 2455 714 2503 4
722 2466 916 2534 paccanoop,
939 2455 1121 2523 autcario-po.

101 2520 240 2577 uiolium
257 2538 308 2577 om
328 2538 351 2577 e.
434 2520 539 2576 cotidie
556 2521 678 2592 iacisp.
700 2519 772 2576 lacis
792 2521 935 2578 cotidiae
1008 2522 1122 2578 tulous

95 2598 146 2660 12⁰:
166 2592 263 2647 uultus
281 2609 297 2648 c
313 2598 339 2648 et
357 2597 422 2647 ante
440 2607 511 2648 corr
525 2609 557 2662 Ρ.
644 2596 661 2646 8
679 2607 799 2661 apponte
818 2608 841 2648 c
929 2597 1061 2646 ‘leucum
1080 2609 1123 2663 cp.

101 2678 206 2731 coques
224 2663 394 2719 ineundam
413 2678 436 2717 ι.
454 2678 497 2733 ep.
567 2668 708 2732 tequam
726 2662 777 2718 diu
789 2679 863 2719 roc·
882 2677 968 2744 quom
986 2662 1076 2718 diuise
1090 2680 1122 2732 Ρ.

99 2749 183 2788 scara
205 2751 247 2803 ιΡ.
341 2739 374 2788 12
397 2733 428 2788 in
450 2749 502 2789 oto.
525 2748 567 2802 ιΡ
639 2735 660 2788 t
680 2750 718 2789 m.
736 2733 897 2790 cicatricem
915 2728 1074 2802 inducisp,
1100 2738 1121 2790 t.

100 2823 140 2859 m.
158 2804 294 2861 cicatrice
313 2805 393 2859 ducis
411 2821 435 2859 c
506 2803 525 2859 i.
544 2803 586 2874 (id
603 2806 658 2874 oet)
675 2804 718 2860 tic
735 2821 769 2874 cp
788 2806 854 2876 (pro
870 2821 929 2860 ooo.
941 2805 983 2860 oel
1000 2804 1122 2874 recipit).

101 2911 285 2980 coagulatum
312 2927 334 2966 c
458 2915 492 2964 to
520 2911 595 2966 certe
621 2925 649 2979 c,
674 2872 764 2983 ozie(
763 2911 795 2966 in
752 2913 906 2983 (ΜΡ
927 2915 964 2979 Ρο
992 2874 1120 2981 oedem.

99 2981 218 3037 latiora.
237 2981 381 3046 leporino,
400 2977 533 3051 latdnop
546 2980 661 3065 (latona
665 2985 720 3052 12⁰)
792 2983 855 3037 rute
872 2981 956 3036 siluie
970 2981 1121 3051 (silvestro)

95 3069 127 3122 Ρ,
147 3057 210 3108 rote
229 3052 409 3136 silvestrioe.
496 3057 531 3106 14
549 3051 722 3119 stelioniee,
726 3052 892 3122 otelcoisp
908 3052 957 3119 (cf.
977 3052 1054 3110 Ptin
1072 3057 1121 3119 29,

99 3129 147 3178 90
165 3129 224 3193 73).
297 3123 379 3179 virus
392 3128 441 3192 pt‘:
459 3122 588 3192 vinoso,
608 3123 757 3179 humus.
847 3124 1029 3193 neccatmp,
1047 3121 1120 3178 iecte

100 3195 207 3262 (ειυς.
296 3199 329 3249 16
349 3209 502 3263 nnmorop
507 3208 585 3250 ..om
603 3209 627 3250 c
775 3210 804 3250 c·
822 3194 906 3264 XIp.
983 3193 1060 3248 tudio
1078 3210 1120 3264 cp

103 3271 135 3318 ti
155 3282 212 3336 app
214 3266 317 3320 oniae
409 3265 446 3322 cd
500 3264 666 3320 cleantem
685 3265 722 3320 nd
740 3265 897 3335 perfectam
914 3262 1015 3347 (aspida
1032 3265 1120 3335 eic)p

99 3338 185 3404 uude
203 3343 239 3406 Ρ
262 3338 293 3391 in
316 3355 403 3407 morp.
427 3353 464 3408 ap
478 3354 512 3393 oa
534 3337 651 3393 sanum
669 3361 704 3382 ι-
721 3352 740 3391 a
762 3335 888 3407 perlecta
905 3335 1051 3391 samtione
1066 3351 1120 3405 pro

99 3425 137 3479 ad
149 3443 183 3551 X
203 3429 246 3495 a).
322 3433 354 3481 lt
374 3425 499 3496 ignorat
519 3442 546 3496 c,
569 3411 674 3494 Efferat
687 3441 719 3494 Ρ.
797 3429 832 3479 20
851 3423 1011 3479 oretanae.
1083 3423 1122 3479 ad

99 3512 130 3551 se
168 3496 227 3553 neit
246 3513 273 3553 e.
293 3496 390 3552 aduoit
403 3514 434 3566 Ρ.
