2512 3908
190 594 375 656 Medicorum
398 595 573 655 Latinorum
600 594 652 672 qui
680 599 847 671 supersunt
874 601 972 654 aetate
1001 595 1126 654 novissi·

100 702 169 745 mus
193 683 376 762 ultimusque
401 682 479 743 idem
504 683 556 761 qui
579 683 657 760 typis
684 682 851 759 Impressus
874 680 1019 743 oblivioni
1046 683 1126 743 latis-

101 791 159 852 que
183 773 323 851 eripitur,
347 789 430 831 nunc
447 774 577 851 primum
599 769 701 848 prodit
724 769 875 830 Cassius
898 768 1014 850 Felix,
1039 773 1127 832 euius

100 861 265 921 Medicinae
289 877 344 940 „ex
368 863 484 938 graecis
501 860 613 937 logicae
632 866 732 919 sectae
756 853 953 919 auctoribus“
975 852 1022 941 (et
1041 877 1126 938 prae-

100 952 189 1028 cipue
213 947 323 1009 Galeno
350 981 388 991 -
414 948 472 1008 vid.
501 947 560 1008 ind.
589 939 678 1029 lont.)
702 948 909 1026 conscriptum
941 946 989 1007 rel
1010 955 1127 1026 „trans-

100 1031 213 1097 latum“
235 1035 455 1115 breviloquium
478 1037 592 1096 editum
615 1035 684 1115 luit,
709 1037 789 1096 sicut
811 1035 925 1097 codIcis
946 1034 1127 1096 Parisiensis

99 1133 230 1186 testatur
251 1127 428 1204 inscrIptio,
453 1125 529 1205 ,sub
560 1123 685 1185 ardehre
713 1132 743 1184 et
772 1123 903 1203 asclepio
932 1119 1128 1185 consulibus“

101 1216 120 1274 i.
153 1231 178 1274 e.
209 1212 328 1292 Calepio
356 1222 387 1274 et
414 1213 562 1274 Artabure
590 1206 785 1296 (Mommsen,
819 1212 935 1274 Zeitzer
965 1211 1127 1273 Ostertaiel

100 1321 127 1362 r.
150 1301 176 1362 J.
199 1299 264 1362 447
293 1301 370 1362 Berl.
395 1301 486 1362 anau.
517 1298 602 1364 1863
629 1319 658 1380 p.
682 1294 764 1385 551)
793 1319 872 1362 anno
899 1298 976 1363 447.
1020 1309 1127 1362 auctor

100 1389 226 1451 Latinus
256 1398 303 1451 est
333 1383 421 1474 („nos
450 1408 520 1451 vero
549 1389 639 1450 latino
668 1385 828 1450 sermone“
857 1408 883 1450 c.
911 1386 956 1452 25
985 1397 1042 1451 etc.
1088 1390 1126 1451 cl.

99 1479 161 1539 ind.
180 1472 253 1561 gn),
277 1496 337 1539 non
360 1478 504 1559 Graecus,
529 1496 625 1558 neque
646 1478 699 1539 ulli
718 1496 825 1540 eorum
844 1480 898 1557 qui
916 1479 998 1540 idem
1016 1496 1127 1540 nomen

100 1575 212 1646 gerunt
240 1558 292 1650 (de
315 1567 426 1629 Cassiis
453 1567 578 1629 medicis
601 1586 627 1627 r.
655 1565 772 1628 Fabric.
801 1566 877 1628 Bibl.
902 1566 952 1629 Gr.
978 1566 1032 1647 lll,
1060 1563 1127 1629 322

100 1648 197 1737 llari.)
221 1656 372 1734 putandus
396 1655 489 1734 idem,
519 1657 614 1734 patria
637 1655 760 1735 quidem
783 1658 934 1736 incertus,
959 1655 1076 1718 scilicet
1100 1657 1127 1717 si

100 1745 216 1805 recenti
231 1743 343 1804 codicis
357 1743 535 1805 Parisiensis
550 1745 690 1823 scriptori
700 1744 776 1805 tides
785 1740 995 1826 „drtensis“
1004 1739 1127 1829 (risten-

100 1829 165 1893 sIs?
203 1830 372 1894 Cirtensis?
412 1851 481 1894 nam
511 1851 566 1912 pro
596 1832 754 1894 Ambracia
783 1836 907 1914 antiqua
937 1833 1058 1913 quando
1089 1832 1126 1895 ab

99 1920 226 1981 Arattho
245 1920 291 1981 vel
309 1921 460 1982 Arachtho
478 1921 569 1983 lluvio
588 1921 732 2001 appellata
757 1923 798 1982 sit
814 1922 888 1983 Arta
910 1953 949 1966 -
971 1921 1009 1984 cl.
1028 1921 1126 2011 Ceake

99 2009 187 2069 'Iran
206 2011 238 2069 in
256 2007 290 2069 N.
309 2008 359 2070 Gr.
379 2009 403 2090 l,
423 2006 488 2072 208
507 2043 550 2054 -
570 2027 630 2069 non
649 2003 797 2094 constat),
823 2011 876 2072 sed
896 2019 993 2072 aetate
1013 2027 1127 2089 suppar

100 2096 259 2158 Theodoro
287 2096 441 2159 Prisciano
466 2092 693 2182 „VindicIani*)
725 2093 811 2159 asri‘
842 2098 1004 2179 discipulo,
1037 2100 1125 2159 cuius

101 2187 147 2247 uti
165 2185 272 2246 Graeci
290 2186 421 2265 aequalis
441 2185 582 2266 Philagrii
600 2179 767 2270 (Epirotae,
786 2186 824 2248 cl.
843 2186 876 2248 E.
894 2186 999 2248 Rhode
1018 2186 1125 2248 Rhein.

100 2273 175 2335 llus.
204 2273 238 2334 N.
258 2273 290 2334 F.
319 2271 376 2355 32,
399 2268 481 2359 336)
509 2275 597 2354 paulo
627 2276 749 2336 maioris
779 2277 992 2336 auctoritatem
1024 2276 1125 2356 inlert,

101 2363 228 2423 fortasse
249 2357 359 2442 „Aier“
380 2371 411 2424 et
433 2365 513 2444 ipse,
540 2372 643 2443 utpote
668 2366 720 2442 qui
744 2366 818 2426 citet
842 2363 969 2426 herbam
989 2365 1125 2444 putidam

98 2469 208 2531 „quam
227 2451 339 2512 Punice
357 2452 473 2514 aturlris
494 2447 618 2513 dicunt“
639 2444 681 2535 (c.
700 2449 757 2533 20,
783 2452 821 2513 oi.
840 2453 902 2514 Iud.
922 2452 971 2515 lat.
991 2471 1015 2514 s.
1034 2454 1125 2514 corti·

99 2557 203 2618 zones,
226 2533 350 2623 gelela),
374 2540 542 2602 simillimus
565 2540 685 2602 dicendi
708 2557 819 2619 genere
841 2541 942 2602 Caelio
962 2541 1125 2603 Aureliano

74 2628 237 2717 ,eiusdem
259 2628 371 2690 saeculi
394 2631 492 2708 quinti
515 2629 630 2690 nredlco
655 2628 799 2690 Siccensi.

190 2715 291 2777 Utitur
315 2718 435 2796 quidem
459 2716 587 2798 Cassius,
611 2735 647 2778 ex
671 2717 775 2779 Caleni
799 2717 893 2798 libris,
917 2716 1124 2779 celeberrimis

99 2806 261 2884 praecipue
285 2805 343 2865 illis
365 2808 422 2886 „nd
441 2800 652 2886 Glauconem“,
676 2807 729 2868 sed
753 2815 787 2867 ut
809 2807 922 2868 indicat
941 2805 1124 2886 praefatiun-

99 2892 167 2954 cula
190 2896 280 2955 etiam
303 2894 370 2954 lalsi
393 2894 496 2955 Caleni
515 2897 632 2956 nouisse
651 2894 771 2957 ridetur
794 2894 980 2974 Euporiston
1003 2893 1124 2974 librum,

99 2983 153 3060 qui
176 3000 270 3062 quum
292 2985 456 3062 genuinum
475 2983 579 3044 Caleni
600 3001 676 3063 opus
699 2977 798 3067 (quod
816 2985 889 3045 citat
907 2985 974 3063 ipse
993 2982 1124 3044 Galenus

100 3068 140 3150 X,
164 3064 246 3154 955)
275 3058 498 3133 desideraretur
525 3073 583 3132 iarn
612 3071 649 3133 ab
673 3071 812 3134 Oribasio
840 3074 872 3133 in
899 3073 997 3152 ipsius
1024 3070 1125 3151 Eupo·

100 3160 196 3220 riston
215 3160 399 3238 praelatione
417 3154 516 3244 (Orib.
536 3159 571 3240 l',
595 3156 660 3221 559
680 3153 777 3244 Dan),
801 3159 858 3222 sub
878 3160 983 3222 Caleni
1003 3163 1124 3222 nomine

99 3247 199 3308 editus
219 3249 275 3310 luit
294 3247 423 3310 Oribasii
442 3268 531 3311 causa
550 3257 617 3328 post
632 3247 805 3310 Oribasium
824 3241 872 3333 (et
890 3251 998 3310 mortis
1016 3248 1126 3311 Iuliani

101 3369 317 3380 ——..—..

172 3418 199 3488 ¹²)
219 3419 328 3489 dequo
348 3419 383 3476 cl.
402 3421 507 3479 Anecd.
523 3420 562 3489 11,
583 3425 642 3477 lii.
676 3419 794 3476 Hermes
808 3419 889 3486 VIII,
908 3424 952 3474 42.
