2512 3908
401 224 744 288 .-143-

105 371 300 448 llebotomes,
327 368 369 428 ita
395 378 429 429 ut
457 387 526 430 cum
553 368 690 430 diviseris
718 388 823 430 venam
854 370 1030 450 sanguinem
1064 387 1130 429 cur·

106 467 228 520 rentem
259 458 411 536 inspicias.
457 457 537 538 quod
569 460 595 517 si
627 461 799 537 apparuerit
830 461 916 538 niger
943 467 975 519 et
1001 475 1131 532 crassus,

106 553 317 625 competenter
344 545 484 607 detrahes
512 554 656 624 quantum
682 547 762 605 vires
789 547 885 624 ipsius
914 546 1077 608 laborantis
1101 556 1132 607 et

106 653 199 696 carisa
227 642 259 695 et
286 644 367 695 aetas
395 641 426 693 et
454 634 597 712 temporis
620 641 651 693 et
677 634 809 713 regionis
837 632 964 712 qualitas
988 638 1130 714 exegerit.

106 735 141 784 et
164 725 291 784 maxime
313 725 346 782 in
369 720 542 800 splenetieis
564 720 631 782 talis
650 723 771 802 sanguis
794 723 972 784 ostenditur.
1009 725 1036 782 si
1059 739 1156 783 veros

107 830 145 872 ex
170 812 321 873 contrario
345 809 438 870 ssavus
461 820 492 871 et
514 813 614 871 tenuis
637 813 810 890 apparuerit
828 813 962 890 sanguis,
986 812 1129 872 continuo

106 898 273 961 abstinebis
299 905 330 959 et
353 898 427 958 nibil
454 901 575 958 omniuo
603 898 755 980 detrahes,
785 898 838 959 sed
863 906 978 960 tantum
1001 900 1130 960 diaetam

106 992 174 1049 eius
198 986 364 1068 ordinabis,
388 987 418 1046 id
441 994 488 1047 est
510 989 587 1047 vitae
610 987 756 1068 regulam,
784 1005 861 1067 quae
885 1005 945 1048 non
968 987 1053 1048 iudet
1076 987 1129 1048 sed

106 1078 202 1156 magis
230 1083 367 1137 ventrem
395 1075 507 1137 molliat
534 1074 608 1136 cibis
636 1078 762 1136 maxime
790 1078 952 1137 consuetis.
993 1076 1074 1154 quod
1103 1077 1130 1136 si

106 1167 231 1226 minime
255 1165 362 1225 iecerit
384 1172 533 1244 ventrem,
556 1172 675 1244 oportet
696 1165 776 1225 inter
797 1165 882 1225 initia
900 1164 982 1224 molli
1001 1163 1169 1244 clysterem

106 1253 273 1335 deducere,
295 1254 456 1313 novissime
479 1270 550 1313 vero
572 1254 690 1313 acriori.
734 1262 766 1314 ct
787 1270 804 1313 a
827 1255 962 1332 porcinis
985 1252 1127 1313 cornibus

105 1341 319 1403 abstinendum
347 1349 377 1402 et
404 1340 442 1402 ab
469 1340 608 1402 omnibus
634 1359 711 1420 quae
738 1341 877 1403 similiter
903 1343 1128 1402 tenacissimum

106 1430 153 1491 vel
177 1447 312 1492 crassum
340 1424 499 1491 humorem
522 1432 660 1491 nutriunt
682 1440 713 1491 et
735 1429 911 1509 digestionis
934 1428 1036 1491 tardae
1060 1447 1127 1490 esse

104 1518 281 1599 probantur.
323 1520 392 1578 vino
414 1536 486 1578 vero
509 1518 654 1580 utendum
676 1521 761 1580 tenui
785 1525 816 1580 et
838 1517 905 1580 albo
929 1525 960 1579 et
983 1518 1129 1579 mediocri

105 1610 218 1668 virtute
240 1607 351 1688 calido,
379 1615 410 1667 et
432 1606 571 1667 omnibus
589 1605 756 1668 volatilibus
779 1615 900 1688 praeter
922 1606 971 1667 illa
995 1625 1071 1687 quae
1094 1609 1167 1667 in1⁵

105 1713 183 1775 aqua
201 1704 368 1757 nascuntur
386 1705 417 1756 et
435 1694 568 1774 piscibus
586 1695 804 1775 digestibilibus
820 1694 987 1756 molliorem
1006 1712 1128 1756 carnem

105 1783 286 1845 habentibus
319 1793 350 1845 et
381 1784 454 1844 nihil
486 1786 518 1845 in
550 1802 583 1845 se
619 1786 713 1845 crassi
751 1785 886 1845 humoris
919 1783 1127 1845 retinentibus.

106 1875 195 1934 etiam
224 1881 255 1933 et
278 1871 465 1933 salsamentis
488 1882 519 1934 et
542 1874 637 1952 sinapi
660 1875 704 1934 uti
727 1881 860 1954 oportet,
887 1882 919 1934 ct
944 1871 1051 1935 diebus
1075 1872 1127 1932 ali·

105 1962 227 2040 quantis
255 1970 286 2021 et
313 1961 361 2021 dia
388 1962 467 2021 trion
495 1978 646 2041 pepereon
674 1961 840 2023 antidotum
866 1963 900 2021 in
922 1960 1127 2041 magnitudine
1211 1981 1215 1988 ⁸

104 2049 191 2110 labae
219 2051 340 2109 maioris
367 2051 519 2130 aegyptiae
547 2067 615 2110 curn
644 2047 738 2110 calida
765 2057 835 2111 ante
862 2067 953 2110 unam
976 2050 1023 2110 vel
1051 2050 1125 2110 duas
1140 2064 1166 2106 eo

104 2138 195 2198 boras
224 2138 406 2198 accessionis
433 2139 513 2199 dare.
557 2146 609 2200 aut
631 2145 713 2199 certo
736 2137 904 2199 antidotum
926 2137 1008 2223 quod
1029 2136 1125 2198 Fila·

104 2228 208 2306 grius
231 2228 427 2306 syupepticou
454 2225 646 2306 lexopyretou
669 2227 839 2308 appellavit,
867 2225 1005 2287 similiter
1032 2225 1126 2307 dabis,

103 2324 157 2377 aut
174 2314 352 2395 diaspohten
367 2314 624 2376 medicamentum.
652 2324 704 2376 aut
720 2317 807 2396 piper
826 2313 924 2376 solum
942 2332 1012 2376 cum
1032 2313 1127 2376 calida

178 2466 410 2524 tflebobomobis
427 2483 469 2538 cp.
560 2467 728 2538 tinspieies
746 2485 773 2524 cz
798 2466 921 2537 aspicies
935 2483 968 2537 p.
1058 2469 1125 2522 :tet

102 2564 190 2627 cap,
208 2556 247 2611 rl'
266 2563 314 2612 ces
333 2573 355 2613 c.
446 2558 513 2612 eet
528 2555 664 2626 temporis
677 2572 714 2626 p,
736 2543 874 2628 ezpme
892 2571 915 2612 c.
1005 2554 1126 2625 exigerit

102 2629 152 2683 vel
169 2627 327 2683 ostenderit
334 2644 366 2696 p.
439 2630 507 2683 tet
517 2643 568 2683 om.
583 2644 624 2697 cp.
697 2627 892 2683 contenditur
905 2656 939 2666 -
954 2627 994 2696 (6)
1010 2625 1125 2696 sanguis

102 2715 155 2755 om.
173 2716 196 2755 e.
271 2697 440 2753 tretinebis
454 2715 485 2768 p.
558 2696 591 2768 ὃς
608 2702 651 2753 tr'fi
669 2696 761 2752 distes
779 2697 839 2753 eius
857 2712 884 2753 o.
902 2712 931 2763 c,
949 2696 1000 2752 sed
1017 2697 1126 2760 dietam

101 2769 371 2896 ee...tne
435 2773 613 2909 tene
643 2766 937 2908 ..dilanient
953 2769 1126 2894 neth

101 2911 206 2967 deduci
223 2927 247 2966 e.
338 2916 371 2965 12
396 2927 517 2966 crossum
543 2926 584 2981 cp.
677 2917 710 2966 14
730 2911 952 2981 comprobantur
966 2927 997 2980 p.
1091 2914 1124 2964 lb

101 2986 134 3038 et
154 2983 192 3038 sb
217 2981 348 3039 omnibns
367 3000 399 3052 p.
508 2989 542 3037 16
565 2981 679 3037 mollem
702 2999 734 3052 p.
844 2987 877 3037 18
903 2981 991 3037 etiem
1005 2993 1070 3036 'oue
1091 2998 1124 3051 p.

100 3059 133 3109 et
151 3055 227 3124 (crete
245 3052 356 3116 diebus)
374 3068 424 3108 om.
444 3069 487 3122 cp.
574 3058 607 3108 19
626 3056 657 3108 et
673 3053 749 3136 (anu
765 3051 824 3122 dia)
844 3069 872 3108 σε
896 3068 948 3108 om.
965 3069 995 3121 p.
1081 3052 1124 3122 pi·

100 3140 208 3195 percon
227 3141 268 3194 cp.
341 3129 377 3178 2ο
395 3123 414 3180 i.
430 3123 570 3194 egiptieee
586 3123 702 3178 maioris
715 3140 747 3193 p.
819 3140 884 3179 cum
898 3121 993 3178 calida
1006 3137 1082 3192 equa
1090 3140 1124 3193 p.

101 3195 149 3250 vel
167 3195 239 3250 duos
256 3194 438 3250 accessiones.
455 3197 460 3264 Ι
476 3193 538 3250 omi
553 3196 618 3264 (pro
635 3196 710 3263 oras)
723 3211 755 3265 p.
806 3200 839 3249 21
859 3194 928 3249 dere
946 3209 998 3250 orn.
1017 3210 1040 3250 c.
1092 3197 1125 3249 ut

101 3268 179 3322 certe
198 3265 245 3322 vel
262 3266 324 3334 (ul’)
342 3268 401 3321 ent.
420 3282 443 3322 c.
534 3264 675 3336 macor
693 3280 736 3334 cp.
816 3271 851 3321 22
870 3263 1028 3335 sinpeptieo
1047 3264 1124 3319 lexo-

100 3336 196 3407 petias
210 3354 247 3407 p,
271 3335 397 3406 sinpepti
418 3336 511 3392 celebs
534 3336 636 3408 opitios
654 3353 676 3392 e.
784 3335 944 3407 appellavit
963 3353 1000 3405 ps
1025 3334 1124 3405 eppei·

100 3409 192 3464 letum
215 3425 238 3463 c.
347 3412 381 3462 23
405 3406 574 3478 diospoliten
595 3424 623 3476 c,
646 3406 845 3477 diobolitenp
867 3405 1045 3478 (diospolites
1067 3409 1123 3476 pi).

100 3480 164 3535 solu
184 3480 319 3548 (solutum
338 3484 403 3534 ante
421 3480 503 3547 corr.)
523 3495 550 3534 e:
568 3494 619 3534 om.
635 3495 666 3548 p.
965 3507 969 3515 ·
