2512 3908
461 244 725 333 w--sa-

102 405 185 454 teres
213 398 246 450 et
273 390 317 449 sic
344 390 376 448 in
403 406 464 449 uno
492 389 698 451 commiscebis
725 397 756 451 et
788 389 889 451 addito
917 390 1004 451 melle
1036 403 1123 453 cocto

103 482 133 540 in
166 478 314 538 unitatem
336 495 440 560 coges,
467 486 498 539 et
526 478 631 540 exinde
658 481 690 540 in
717 479 839 542 modum
862 481 951 542 unius
975 479 1123 540 avellanae

98 566 188 627 dabis
217 575 252 626 ut
279 567 310 626 in
337 584 390 627 ore
417 568 589 628 contineant
615 574 802 645 aegrotantes
826 575 857 627 et
885 567 1027 646 paulatim
1051 588 1123 631 exu-

101 655 198 716 cando
227 663 425 716 transvorent
473 655 520 715 siu
548 671 618 714 vero
644 654 824 734 gliquiritiae
852 672 960 715 sucum
989 675 1048 719 non
1078 661 1122 719 in·

101 745 236 825 veneris,
260 747 353 824 ipsam
376 741 568 822 gliquiritiam
591 744 692 804 mittes
714 750 745 804 et
767 745 872 804 uteris.
892 735 897 826 Ι
1136 759 1149 800 s

317 899 431 962 XXXV.
467 901 515 962 Ad
539 910 715 963 tumorem
737 903 904 963 faucium.
1129 930 1154 968 n.
1169 919 1214 960 aaa.

192 1025 365 1087 Secundum
395 1032 511 1086 veteres
540 1023 671 1086 medicos
699 1034 841 1105 quattuor
868 1025 1023 1088 distantias
1051 1047 1120 1090 cum

95 1118 164 1177 suis
189 1113 341 1176 vocabulis
368 1111 478 1174 babere
507 1131 564 1174 uva
585 1115 762 1176 ostenditur.
807 1132 875 1175 nam
904 1117 930 1175 si
957 1115 1050 1178 luerit
1073 1135 1120 1176 ro-

100 1202 194 1266 tunda
213 1205 245 1264 in
264 1200 488 1264 similitudinem
506 1203 622 1276 aeinae,
645 1202 750 1283 stalyle
768 1220 785 1262 a
804 1201 926 1264 Graecis
945 1205 1120 1285 appellatur,

96 1310 192 1371 quam
214 1309 270 1352 nos
297 1308 384 1352 uvam
412 1289 547 1351 dicimus.
588 1292 660 1352 item
684 1293 709 1351 si
740 1291 833 1353 luerit
853 1290 940 1371 longa
965 1301 997 1353 et
1018 1295 1118 1354 tenuis
1134 1308 1159 1347 ιο

98 1391 130 1442 et
152 1383 185 1441 in
210 1379 334 1441 folliculi
357 1380 404 1440 sui
427 1380 596 1440 summitate
622 1378 786 1459 plurimum
813 1379 948 1441 humoris
971 1380 1118 1463 habuerit,

98 1471 196 1531 olonis
224 1466 399 1549 appellatur.
439 1466 602 1528 identidem
630 1469 655 1528 si
683 1485 787 1547 grossa
816 1467 862 1529 vel
885 1470 997 1530 vastior
1027 1470 1119 1532 interit

97 1566 134 1619 ut
151 1557 331 1619 robustitate
346 1575 400 1617 sua
419 1556 548 1617 laucium
567 1555 688 1636 impleat
704 1564 815 1638 partes,
833 1575 999 1637 gargareon
1018 1558 1117 1639 appel·

97 1645 186 1707 latur.
228 1663 297 1707 uam
320 1643 559 1725 Hippocrates
585 1646 687 1705 senior
714 1646 745 1705 in
773 1663 828 1706 suo
857 1649 1049 1726 prognostico
1073 1650 1116 1708 sic

96 1737 139 1796 ait
165 1751 383 1819 „gargareones
410 1730 594 1813 periculosae
621 1732 657 1794 ad
685 1732 877 1795 incidendum
905 1734 951 1794 vel
975 1750 1157 1796 emman-15

95 1824 184 1904 ditm,
208 1830 319 1903 quanto
342 1823 435 1902 magis
457 1821 571 1883 luerint
592 1819 745 1883 rubriores
773 1830 803 1884 et
825 1822 963 1903 grandes.
1004 1826 1116 1885 etenim

96 1921 200 1974 tumor
218 1911 332 1973 eisdem
349 1909 424 1972 locis
441 1910 575 1971 nascitur
593 1917 624 1972 et
641 1912 794 1990 sanguinis
811 1910 997 1973 incessabilis
1016 1912 1115 1974 lluxus

92 2002 237 2063 allicitur.
274 1999 327 2061 sed
346 2007 465 2080 oportet
487 2000 519 2059 in
539 1997 644 2059 eodem
667 2006 801 2081 tempore
820 2018 880 2061 non
900 2000 997 2061 solum
1020 2003 1115 2080 ipsam

96 2108 185 2152 uram
218 2089 403 2169 appositione
435 2085 643 2149 medicamenti
678 2096 847 2168 attenuare,
883 2106 989 2150 verum
1025 2091 1126 2175 etiam,

93 2177 282 2259 quibuslibet
308 2175 405 2237 modis
431 2174 603 2238 subinauire
627 2184 771 2238 ventrem.
814 2179 857 2238 sic
885 2178 966 2238 euim
993 2179 1113 2239 innoxie
1131 2193 1156 2231 2⁰

95 2267 250 2346 chirurgia
282 2263 441 2326 adhibetur
472 2272 503 2325 et
534 2272 632 2325 metus
666 2266 896 2344 praefocationis
933 2267 1115 2345 praeteritus

92 2351 170 2418 est“.
217 2357 289 2416 item
322 2351 379 2414 alia
412 2350 582 2434 dicephalos
614 2352 759 2433 appellata
790 2353 837 2414 vel
864 2352 1006 2436 bicapita,
1038 2373 1115 2433 quae

94 2447 196 2507 rarius
224 2443 358 2505 nascitur
385 2450 417 2503 et
443 2443 563 2535 lunoxia
585 2459 652 2502 esse
678 2441 837 2524 probatur,
865 2445 892 2504 si
915 2443 1036 2522 quidem
1059 2443 1114 2505 hu·
1224 2493 1229 2504 .

169 2577 371 2635 tcommisces
388 2594 449 2648 pop.
538 2575 651 2646 sangis
666 2591 728 2660 pop.
786 2577 900 2631 ¹nnius
918 2593 969 2633 om.
984 2595 1016 2648 p.
1097 2585 1114 2634 3

90 2649 244 2708 enodando
262 2650 324 2721 (sic)
337 2666 368 2721 p,
387 2648 560 2705 emesenae
569 2662 605 2715 p:
622 2646 773 2720 glucrendo
787 2663 810 2702 c.
882 2653 900 2702 4
919 2646 963 2703 sin
980 2665 1027 2719 pc:
1045 2647 1114 2719 sip.

92 2720 274 2793 gliqoiritiee
291 2737 319 2791 p,
337 2719 462 2792 gliciriae
479 2737 503 2790 e,
521 2719 579 2788 nn?
616 2760 622 2774 .
711 2724 728 2774 δ
746 2717 936 2789 gliquiricism
954 2736 986 2789 p,
1004 2719 1113 2789 liqnlri.

87 2810 127 2864 pe
145 2809 198 2848 om.
217 2808 240 2848 e.
326 2791 452 2848 aemula
469 2808 506 2862 pp
524 2792 549 2861 (s
614 2789 681 2858 ee).
717 2791 754 2858 ef.
773 2789 837 2845 Gal.
858 2790 939 2856 XII,
957 2795 1016 2846 972
1036 2793 1112 2859 (960.

92 2869 148 2989 9711
159 2864 231 2990 abii}
295 2868 339 2946 ,10
357 2862 381 2917 si
400 2878 515 2988 epham.
533 2878 559 2933 p.
632 2865 675 2985 121
677 2860 812 2987 fylpnisp
829 2862 910 2986 (hcorpis
922 2878 954 2931 p,
972 2861 1059 2916 tionis
1078 2865 1112 2931 c).

90 2934 363 3088 affamina
393 2950 454 3074 'a
467 2937 650 3087 aaaron
668 2933 1039 3086 aaronitae·
1059 2936 1112 3087 aa·

92 3075 234 3133 lubriores
251 3092 282 3146 p,
299 3073 428 3131 rubrores
445 3091 473 3131 cz
490 3073 700 3130 rubicundiores
714 3090 745 3145 p.
854 3080 888 3129 1⁷
907 3074 1015 3130 eisdem
1032 3091 1063 3143 q:
1082 3093 1113 3130 m

92 3148 206 3203 hisdem
224 3162 261 3217 p,
283 3145 314 3202 in
336 3145 429 3216 (locis)
450 3162 467 3202 c
488 3145 528 3216 (in
550 3144 641 3202 isdem
664 3144 760 3208 Pete).
878 3150 911 3199 19
935 3144 1111 3228 appositione

91 3217 297 3274 medicamenti
314 3233 338 3288 p
360 3219 405 3286 (en
427 3219 522 3287 ουτως
540 3214 724 3287 appositionis
741 3217 841 3286 (-one
859 3217 884 3286 e)
903 3216 1111 3272 medicamento

90 3292 158 3360 9(c).
262 3293 302 3357 ¹tt
321 3288 453 3358 preterit⁹
470 3291 505 3338 ’ἰν
522 3304 541 3359 p
558 3283 663 3358 (psidie
676 3288 724 3358 pl:
742 3288 894 3357 preteritur
911 3304 933 3343 c.
1006 3292 1041 3341 22
1063 3286 1112 3342 dia

92 3361 190 3428 eoe(ce
208 3358 355 3432 eplpbules
369 3361 451 3430 ssep).
545 3357 838 3442 opnd'Petroncellum
855 3376 879 3415 c.
898 3361 933 3414 31
948 3374 979 3427 p.
999 3362 1057 3415 209
1077 3359 1112 3425 (si

92 3431 212 3487 robusta
234 3434 265 3487 el
285 3429 438 3486 vehemens
460 3429 586 3486 extiterit
606 3428 720 3502 piclosis
741 3428 854 3498 (licitum
876 3430 918 3484 sic
941 3433 1044 3498 quarta
1068 3430 1111 3483 in·

91 3503 209 3558 eluitur
228 3497 400 3572 interlineale.
470 3500 518 3556 vel
535 3517 566 3570 p:
584 3500 602 3556 'u
621 3499 663 3570 (id
681 3502 735 3570 esi)
754 3517 795 3570 cp.
